<TICKER>,<PER>,<DATE>,<TIME>,<LAST>,<VOL>
GAZP,0,20121008,095959,158.10000,4620
GAZP,0,20121008,095959,158.10000,13600
GAZP,0,20121008,095959,158.10000,900
GAZP,0,20121008,095959,158.10000,1000
GAZP,0,20121008,095959,158.10000,10
GAZP,0,20121008,095959,158.10000,80
GAZP,0,20121008,095959,158.10000,350
GAZP,0,20121008,095959,158.10000,9440
GAZP,0,20121008,095959,158.10000,20
GAZP,0,20121008,095959,158.10000,10
GAZP,0,20121008,095959,158.10000,220
GAZP,0,20121008,095959,158.10000,30
GAZP,0,20121008,095959,158.10000,280
GAZP,0,20121008,095959,158.10000,170
GAZP,0,20121008,095959,158.10000,1760
GAZP,0,20121008,095959,158.10000,290
GAZP,0,20121008,095959,158.10000,10
GAZP,0,20121008,095959,158.10000,10
GAZP,0,20121008,095959,158.10000,10
GAZP,0,20121008,095959,158.10000,100
GAZP,0,20121008,095959,158.10000,400
GAZP,0,20121008,095959,158.10000,2700
GAZP,0,20121008,095959,158.10000,1000
GAZP,0,20121008,095959,158.10000,10
GAZP,0,20121008,095959,158.10000,1000
GAZP,0,20121008,095959,158.10000,50
GAZP,0,20121008,095959,158.10000,200
GAZP,0,20121008,095959,158.10000,500
GAZP,0,20121008,095959,158.10000,720
GAZP,0,20121008,095959,158.10000,1080
GAZP,0,20121008,095959,158.10000,700
GAZP,0,20121008,095959,158.10000,30
GAZP,0,20121008,095959,158.10000,700
GAZP,0,20121008,095959,158.10000,50
GAZP,0,20121008,095959,158.10000,200
GAZP,0,20121008,095959,158.10000,320
GAZP,0,20121008,095959,158.10000,10
GAZP,0,20121008,095959,158.10000,200
GAZP,0,20121008,095959,158.10000,270
GAZP,0,20121008,095959,158.10000,230
GAZP,0,20121008,095959,158.10000,20
GAZP,0,20121008,100001,158.10000,480
GAZP,0,20121008,100001,158.20000,150
GAZP,0,20121008,100001,158.11000,1800
GAZP,0,20121008,100001,158.12000,20
GAZP,0,20121008,100002,158.20000,850
GAZP,0,20121008,100002,158.20000,650
GAZP,0,20121008,100002,158.10000,350
GAZP,0,20121008,100002,158.09000,200
GAZP,0,20121008,100002,158.09000,450
GAZP,0,20121008,100002,158.20000,460
GAZP,0,20121008,100002,158.10000,330
GAZP,0,20121008,100002,158.09000,70
GAZP,0,20121008,100002,158.09000,100
GAZP,0,20121008,100002,158.19000,200
GAZP,0,20121008,100002,158.09000,140
GAZP,0,20121008,100002,158.09000,350
GAZP,0,20121008,100002,158.08000,1000
GAZP,0,20121008,100002,158.08000,150
GAZP,0,20121008,100002,158.08000,150
GAZP,0,20121008,100002,158.07000,210
GAZP,0,20121008,100002,158.07000,200
GAZP,0,20121008,100002,158.07000,1000
GAZP,0,20121008,100002,158.07000,1520
GAZP,0,20121008,100002,158.06000,20
GAZP,0,20121008,100002,158.06000,260
GAZP,0,20121008,100002,158.07000,450
GAZP,0,20121008,100002,158.07000,150
GAZP,0,20121008,100002,158.06000,30
GAZP,0,20121008,100002,158.12000,20
GAZP,0,20121008,100002,158.12000,20
GAZP,0,20121008,100002,158.17000,50
GAZP,0,20121008,100002,158.16000,10
GAZP,0,20121008,100002,158.10000,10
GAZP,0,20121008,100002,158.06000,190
GAZP,0,20121008,100002,158.06000,400
GAZP,0,20121008,100002,158.18000,10
GAZP,0,20121008,100002,158.07000,60
GAZP,0,20121008,100002,158.07000,200
GAZP,0,20121008,100002,158.06000,490
GAZP,0,20121008,100003,158.06000,10
GAZP,0,20121008,100003,158.06000,60
GAZP,0,20121008,100003,158.06000,1770
GAZP,0,20121008,100003,158.06000,300
GAZP,0,20121008,100003,158.06000,3000
GAZP,0,20121008,100004,158.06000,1770
GAZP,0,20121008,100004,158.06000,1000
GAZP,0,20121008,100004,158.06000,3000
GAZP,0,20121008,100004,158.06000,100
GAZP,0,20121008,100004,158.06000,660
GAZP,0,20121008,100004,158.06000,1770
GAZP,0,20121008,100004,158.06000,600
GAZP,0,20121008,100004,158.06000,5120
GAZP,0,20121008,100004,158.07000,110
GAZP,0,20121008,100004,158.06000,490
GAZP,0,20121008,100005,158.06000,600
GAZP,0,20121008,100005,158.17000,10
GAZP,0,20121008,100005,158.07000,10
GAZP,0,20121008,100005,158.07000,1130
GAZP,0,20121008,100005,158.07000,1000
GAZP,0,20121008,100005,158.07000,10
GAZP,0,20121008,100005,158.07000,2150
GAZP,0,20121008,100005,158.06000,2550
GAZP,0,20121008,100005,158.06000,4700
GAZP,0,20121008,100005,158.06000,1000
GAZP,0,20121008,100005,158.06000,1260
GAZP,0,20121008,100006,158.07000,700
GAZP,0,20121008,100006,158.07000,100
GAZP,0,20121008,100006,158.06000,18870
GAZP,0,20121008,100006,158.06000,10
GAZP,0,20121008,100006,158.05000,200
GAZP,0,20121008,100006,158.03000,200
GAZP,0,20121008,100006,158.02000,100
GAZP,0,20121008,100006,158.02000,10
GAZP,0,20121008,100006,158.01000,10
GAZP,0,20121008,100006,158.01000,200
GAZP,0,20121008,100006,158.01000,10
GAZP,0,20121008,100006,158.00000,100
GAZP,0,20121008,100006,158.00000,60
GAZP,0,20121008,100006,158.00000,50
GAZP,0,20121008,100006,158.00000,60
GAZP,0,20121008,100006,158.00000,10
GAZP,0,20121008,100006,158.00000,10
GAZP,0,20121008,100006,158.00000,30
GAZP,0,20121008,100006,158.00000,50
GAZP,0,20121008,100006,158.00000,10
GAZP,0,20121008,100006,158.00000,10
GAZP,0,20121008,100007,158.06000,10
GAZP,0,20121008,100007,158.00000,490
GAZP,0,20121008,100007,158.00000,680
GAZP,0,20121008,100007,158.00000,1000
GAZP,0,20121008,100007,158.00000,100
GAZP,0,20121008,100007,158.00000,40
GAZP,0,20121008,100007,158.00000,200
GAZP,0,20121008,100007,158.00000,3000
GAZP,0,20121008,100007,158.00000,10
GAZP,0,20121008,100007,158.00000,10
GAZP,0,20121008,100007,157.99000,30
GAZP,0,20121008,100007,157.97000,200
GAZP,0,20121008,100007,157.95000,60
GAZP,0,20121008,100007,157.95000,20
GAZP,0,20121008,100007,157.98000,340
GAZP,0,20121008,100007,157.98000,160
GAZP,0,20121008,100007,157.98000,10
GAZP,0,20121008,100007,157.98000,240
GAZP,0,20121008,100007,158.00000,870
GAZP,0,20121008,100007,158.00000,150
GAZP,0,20121008,100007,158.05000,10
GAZP,0,20121008,100007,158.06000,450
GAZP,0,20121008,100007,158.06000,350
GAZP,0,20121008,100007,158.07000,15930
GAZP,0,20121008,100007,157.95000,120
GAZP,0,20121008,100007,157.94000,130
GAZP,0,20121008,100007,157.93000,200
GAZP,0,20121008,100007,157.93000,50
GAZP,0,20121008,100007,157.93000,10
GAZP,0,20121008,100007,157.97000,10
GAZP,0,20121008,100007,157.93000,70
GAZP,0,20121008,100007,157.92000,10
GAZP,0,20121008,100007,157.92000,130
GAZP,0,20121008,100007,157.91000,200
GAZP,0,20121008,100007,157.88000,20
GAZP,0,20121008,100008,157.97000,1980
GAZP,0,20121008,100008,157.99000,1890
GAZP,0,20121008,100008,157.99000,100
GAZP,0,20121008,100008,157.88000,10
GAZP,0,20121008,100008,157.99000,20
GAZP,0,20121008,100008,157.90000,50
GAZP,0,20121008,100008,157.99000,80
GAZP,0,20121008,100008,157.99000,130
GAZP,0,20121008,100008,157.99000,210
GAZP,0,20121008,100008,157.99000,190
GAZP,0,20121008,100008,157.99000,400
GAZP,0,20121008,100008,157.99000,400
GAZP,0,20121008,100008,157.99000,10
GAZP,0,20121008,100008,157.99000,4550
GAZP,0,20121008,100008,158.00000,5450
GAZP,0,20121008,100008,158.00000,10
GAZP,0,20121008,100008,158.00000,10
GAZP,0,20121008,100009,158.00000,200
GAZP,0,20121008,100009,157.94000,400
GAZP,0,20121008,100009,157.94000,100
GAZP,0,20121008,100009,157.94000,400
GAZP,0,20121008,100009,157.93000,300
GAZP,0,20121008,100009,157.94000,240
GAZP,0,20121008,100009,158.00000,60
GAZP,0,20121008,100009,158.00000,300
GAZP,0,20121008,100009,158.00000,1800
GAZP,0,20121008,100009,158.00000,400
GAZP,0,20121008,100009,158.00000,300
GAZP,0,20121008,100009,157.93000,600
GAZP,0,20121008,100009,158.00000,1300
GAZP,0,20121008,100009,158.00000,1100
GAZP,0,20121008,100009,158.00000,600
GAZP,0,20121008,100010,157.94000,10
GAZP,0,20121008,100010,158.00000,100
GAZP,0,20121008,100010,158.00000,400
GAZP,0,20121008,100010,158.00000,900
GAZP,0,20121008,100010,158.00000,100
GAZP,0,20121008,100010,158.00000,20000
GAZP,0,20121008,100010,158.00000,400
GAZP,0,20121008,100010,157.95000,10
GAZP,0,20121008,100010,158.00000,1000
GAZP,0,20121008,100010,158.00000,1000
GAZP,0,20121008,100010,158.00000,300
GAZP,0,20121008,100010,158.00000,400
GAZP,0,20121008,100010,158.00000,100
GAZP,0,20121008,100010,158.00000,400
GAZP,0,20121008,100010,158.00000,500
GAZP,0,20121008,100010,157.95000,10
GAZP,0,20121008,100010,158.00000,10
GAZP,0,20121008,100011,158.00000,900
GAZP,0,20121008,100011,158.00000,100
GAZP,0,20121008,100011,158.00000,100
GAZP,0,20121008,100011,158.00000,1100
GAZP,0,20121008,100011,158.00000,800
GAZP,0,20121008,100011,158.00000,20
GAZP,0,20121008,100011,158.00000,400
GAZP,0,20121008,100011,158.00000,100
GAZP,0,20121008,100011,158.00000,300
GAZP,0,20121008,100011,158.00000,100
GAZP,0,20121008,100011,158.00000,1000
GAZP,0,20121008,100011,158.00000,900
GAZP,0,20121008,100012,158.00000,1000
GAZP,0,20121008,100012,158.00000,100
GAZP,0,20121008,100012,158.00000,2200
GAZP,0,20121008,100012,158.00000,200
GAZP,0,20121008,100012,158.00000,100
GAZP,0,20121008,100012,158.00000,400
GAZP,0,20121008,100012,158.00000,400
GAZP,0,20121008,100012,158.00000,1000
GAZP,0,20121008,100012,158.00000,400
GAZP,0,20121008,100012,158.00000,10
GAZP,0,20121008,100012,158.00000,1860
GAZP,0,20121008,100012,158.01000,100
GAZP,0,20121008,100013,158.01000,200
GAZP,0,20121008,100013,158.01000,100
GAZP,0,20121008,100013,158.01000,1500
GAZP,0,20121008,100013,158.01000,100
GAZP,0,20121008,100013,158.01000,100
GAZP,0,20121008,100013,158.01000,1230
GAZP,0,20121008,100013,158.03000,100
GAZP,0,20121008,100013,158.03000,300
GAZP,0,20121008,100013,158.01000,70
GAZP,0,20121008,100013,158.00000,230
GAZP,0,20121008,100013,158.03000,300
GAZP,0,20121008,100013,158.03000,200
GAZP,0,20121008,100013,158.01000,500
GAZP,0,20121008,100013,158.00000,6780
GAZP,0,20121008,100014,158.01000,600
GAZP,0,20121008,100015,158.01000,400
GAZP,0,20121008,100015,158.01000,140
GAZP,0,20121008,100016,158.03000,600
GAZP,0,20121008,100016,158.16000,40
GAZP,0,20121008,100016,158.17000,10
GAZP,0,20121008,100016,158.17000,40
GAZP,0,20121008,100016,158.03000,350
GAZP,0,20121008,100016,158.03000,120
GAZP,0,20121008,100017,158.04000,250
GAZP,0,20121008,100017,158.03000,230
GAZP,0,20121008,100017,158.02000,960
GAZP,0,20121008,100017,158.01000,60
GAZP,0,20121008,100017,158.01000,2040
GAZP,0,20121008,100017,158.01000,50
GAZP,0,20121008,100017,158.00000,1110
GAZP,0,20121008,100020,158.06000,310
GAZP,0,20121008,100020,158.11000,130
GAZP,0,20121008,100020,158.01000,40
GAZP,0,20121008,100020,158.00000,2350
GAZP,0,20121008,100021,158.02000,50
GAZP,0,20121008,100021,158.02000,30
GAZP,0,20121008,100021,158.01000,850
GAZP,0,20121008,100022,158.01000,100
GAZP,0,20121008,100022,158.01000,210
GAZP,0,20121008,100022,158.00000,2430
GAZP,0,20121008,100022,158.03000,600
GAZP,0,20121008,100022,158.09000,250
GAZP,0,20121008,100022,158.09000,20
GAZP,0,20121008,100023,158.06000,100
GAZP,0,20121008,100024,158.01000,100
GAZP,0,20121008,100024,158.00000,100
GAZP,0,20121008,100024,158.01000,50
GAZP,0,20121008,100025,158.01000,1010
GAZP,0,20121008,100025,158.01000,100
GAZP,0,20121008,100025,158.01000,50
GAZP,0,20121008,100025,158.00000,1140
GAZP,0,20121008,100025,158.00000,700
GAZP,0,20121008,100025,158.00000,2910
GAZP,0,20121008,100025,158.08000,120
GAZP,0,20121008,100025,158.09000,280
GAZP,0,20121008,100025,158.09000,90
GAZP,0,20121008,100025,158.09000,10
GAZP,0,20121008,100025,158.01000,100
GAZP,0,20121008,100025,158.01000,100
GAZP,0,20121008,100025,158.01000,600
GAZP,0,20121008,100026,158.09000,40
GAZP,0,20121008,100026,158.09000,350
GAZP,0,20121008,100026,158.10000,610
GAZP,0,20121008,100027,158.01000,80
GAZP,0,20121008,100028,158.02000,350
GAZP,0,20121008,100028,158.01000,280
GAZP,0,20121008,100028,158.01000,200
GAZP,0,20121008,100028,158.01000,90
GAZP,0,20121008,100028,158.01000,90
GAZP,0,20121008,100028,158.01000,1070
GAZP,0,20121008,100028,158.01000,930
GAZP,0,20121008,100029,158.02000,500
GAZP,0,20121008,100029,158.09000,30
GAZP,0,20121008,100029,158.10000,3110
GAZP,0,20121008,100029,158.10000,50
GAZP,0,20121008,100029,158.03000,970
GAZP,0,20121008,100029,158.03000,30
GAZP,0,20121008,100030,158.03000,600
GAZP,0,20121008,100031,158.03000,50
GAZP,0,20121008,100031,158.10000,50
GAZP,0,20121008,100031,158.03000,150
GAZP,0,20121008,100031,158.03000,150
GAZP,0,20121008,100031,158.03000,450
GAZP,0,20121008,100031,158.04000,150
GAZP,0,20121008,100032,158.04000,300
GAZP,0,20121008,100032,158.04000,300
GAZP,0,20121008,100032,158.04000,300
GAZP,0,20121008,100032,158.03000,150
GAZP,0,20121008,100032,158.03000,150
GAZP,0,20121008,100033,158.03000,100
GAZP,0,20121008,100033,158.03000,10
GAZP,0,20121008,100033,158.03000,290
GAZP,0,20121008,100033,158.08000,30
GAZP,0,20121008,100033,158.09000,50
GAZP,0,20121008,100033,158.10000,920
GAZP,0,20121008,100034,158.03000,600
GAZP,0,20121008,100034,158.03000,270
GAZP,0,20121008,100034,158.03000,330
GAZP,0,20121008,100034,158.03000,830
GAZP,0,20121008,100034,158.03000,10
GAZP,0,20121008,100034,158.03000,30
GAZP,0,20121008,100034,158.02000,660
GAZP,0,20121008,100034,158.02000,1160
GAZP,0,20121008,100034,158.02000,2000
GAZP,0,20121008,100034,158.02000,250
GAZP,0,20121008,100034,158.02000,60
GAZP,0,20121008,100035,158.10000,1260
GAZP,0,20121008,100035,158.10000,400
GAZP,0,20121008,100035,158.10000,500
GAZP,0,20121008,100035,158.10000,500
GAZP,0,20121008,100035,158.10000,200
GAZP,0,20121008,100035,158.10000,2000
GAZP,0,20121008,100035,158.10000,200
GAZP,0,20121008,100035,158.10000,750
GAZP,0,20121008,100035,158.10000,200
GAZP,0,20121008,100035,158.10000,300
GAZP,0,20121008,100035,158.10000,750
GAZP,0,20121008,100035,158.10000,200
GAZP,0,20121008,100035,158.10000,300
GAZP,0,20121008,100035,158.10000,300
GAZP,0,20121008,100035,158.10000,300
GAZP,0,20121008,100037,158.10000,600
GAZP,0,20121008,100037,158.10000,150
GAZP,0,20121008,100037,158.10000,300
GAZP,0,20121008,100037,158.10000,150
GAZP,0,20121008,100037,158.10000,600
GAZP,0,20121008,100038,158.10000,600
GAZP,0,20121008,100038,158.10000,10000
GAZP,0,20121008,100038,158.16000,300
GAZP,0,20121008,100039,158.10000,3140
GAZP,0,20121008,100040,158.10000,600
GAZP,0,20121008,100042,158.16000,50
GAZP,0,20121008,100042,158.17000,50
GAZP,0,20121008,100043,158.10000,10
GAZP,0,20121008,100043,158.10000,100
GAZP,0,20121008,100044,158.10000,300
GAZP,0,20121008,100044,158.10000,150
GAZP,0,20121008,100045,158.17000,50
GAZP,0,20121008,100047,158.11000,150
GAZP,0,20121008,100047,158.11000,150
GAZP,0,20121008,100047,158.10000,450
GAZP,0,20121008,100047,158.10000,150
GAZP,0,20121008,100047,158.10000,150
GAZP,0,20121008,100047,158.10000,300
GAZP,0,20121008,100047,158.10000,300
GAZP,0,20121008,100048,158.10000,150
GAZP,0,20121008,100048,158.10000,150
GAZP,0,20121008,100050,158.17000,50
GAZP,0,20121008,100051,158.11000,10
GAZP,0,20121008,100053,158.11000,1280
GAZP,0,20121008,100054,158.16000,10
GAZP,0,20121008,100054,158.17000,290
GAZP,0,20121008,100054,158.17000,50
GAZP,0,20121008,100054,158.17000,100
GAZP,0,20121008,100054,158.17000,10
GAZP,0,20121008,100054,158.17000,300
GAZP,0,20121008,100054,158.18000,20
GAZP,0,20121008,100054,158.18000,30
GAZP,0,20121008,100054,158.18000,5190
GAZP,0,20121008,100054,158.11000,300
GAZP,0,20121008,100054,158.17000,50
GAZP,0,20121008,100057,158.16000,100
GAZP,0,20121008,100058,158.16000,2000
GAZP,0,20121008,100058,158.16000,700
GAZP,0,20121008,100059,158.12000,10
GAZP,0,20121008,100059,158.12000,100
GAZP,0,20121008,100059,158.11000,40
GAZP,0,20121008,100059,158.11000,370
GAZP,0,20121008,100059,158.11000,50
GAZP,0,20121008,100059,158.10000,30
GAZP,0,20121008,100059,158.10000,150
GAZP,0,20121008,100059,158.10000,15760
GAZP,0,20121008,100059,158.10000,60
GAZP,0,20121008,100059,158.10000,4000
GAZP,0,20121008,100059,158.10000,80
GAZP,0,20121008,100059,158.10000,100
GAZP,0,20121008,100101,158.10000,250
GAZP,0,20121008,100102,158.10000,300
GAZP,0,20121008,100102,158.15000,50
GAZP,0,20121008,100103,158.10000,4260
GAZP,0,20121008,100103,158.15000,500
GAZP,0,20121008,100103,158.15000,20
GAZP,0,20121008,100103,158.10000,300
GAZP,0,20121008,100104,158.12000,600
GAZP,0,20121008,100105,158.12000,600
GAZP,0,20121008,100105,158.12000,50
GAZP,0,20121008,100105,158.10000,100
GAZP,0,20121008,100105,158.14000,300
GAZP,0,20121008,100105,158.15000,1380
GAZP,0,20121008,100105,158.15000,1700
GAZP,0,20121008,100105,158.15000,2000
GAZP,0,20121008,100106,158.15000,300
GAZP,0,20121008,100106,158.15000,200
GAZP,0,20121008,100106,158.16000,400
GAZP,0,20121008,100106,158.15000,400
GAZP,0,20121008,100107,158.16000,300
GAZP,0,20121008,100107,158.15000,200
GAZP,0,20121008,100108,158.15000,400
GAZP,0,20121008,100108,158.16000,800
GAZP,0,20121008,100108,158.15000,400
GAZP,0,20121008,100110,158.16000,500
GAZP,0,20121008,100110,158.16000,300
GAZP,0,20121008,100110,158.15000,300
GAZP,0,20121008,100110,158.15000,300
GAZP,0,20121008,100110,158.15000,120
GAZP,0,20121008,100110,158.15000,480
GAZP,0,20121008,100111,158.15000,300
GAZP,0,20121008,100111,158.16000,8400
GAZP,0,20121008,100111,158.17000,750
GAZP,0,20121008,100111,158.17000,2280
GAZP,0,20121008,100116,158.12000,30
GAZP,0,20121008,100116,158.12000,100
GAZP,0,20121008,100116,158.11000,30
GAZP,0,20121008,100116,158.10000,1740
GAZP,0,20121008,100116,158.10000,500
GAZP,0,20121008,100117,158.17000,40
GAZP,0,20121008,100117,158.10000,10
GAZP,0,20121008,100118,158.17000,100
GAZP,0,20121008,100118,158.17000,200
GAZP,0,20121008,100119,158.16000,100
GAZP,0,20121008,100120,158.16000,610
GAZP,0,20121008,100120,158.12000,700
GAZP,0,20121008,100120,158.10000,690
GAZP,0,20121008,100122,158.11000,250
GAZP,0,20121008,100122,158.16000,20
GAZP,0,20121008,100123,158.16000,150
GAZP,0,20121008,100124,158.11000,250
GAZP,0,20121008,100124,158.11000,240
GAZP,0,20121008,100124,158.10000,510
GAZP,0,20121008,100125,158.16000,100
GAZP,0,20121008,100126,158.16000,30
GAZP,0,20121008,100126,158.17000,80
GAZP,0,20121008,100126,158.17000,20
GAZP,0,20121008,100126,158.17000,10
GAZP,0,20121008,100126,158.18000,1260
GAZP,0,20121008,100126,158.18000,200
GAZP,0,20121008,100126,158.18000,1000
GAZP,0,20121008,100126,158.16000,100
GAZP,0,20121008,100127,158.16000,30
GAZP,0,20121008,100127,158.18000,70
GAZP,0,20121008,100130,158.17000,30
GAZP,0,20121008,100130,158.18000,70
GAZP,0,20121008,100131,158.11000,10
GAZP,0,20121008,100133,158.18000,100
GAZP,0,20121008,100134,158.18000,100
GAZP,0,20121008,100134,158.18000,300
GAZP,0,20121008,100134,158.13000,300
GAZP,0,20121008,100134,158.13000,300
GAZP,0,20121008,100135,158.13000,130
GAZP,0,20121008,100135,158.12000,320
GAZP,0,20121008,100135,158.10000,750
GAZP,0,20121008,100135,158.11000,150
GAZP,0,20121008,100137,158.10000,600
GAZP,0,20121008,100138,158.17000,40
GAZP,0,20121008,100138,158.17000,30
GAZP,0,20121008,100138,158.18000,330
GAZP,0,20121008,100141,158.12000,1500
GAZP,0,20121008,100142,158.17000,70
GAZP,0,20121008,100142,158.18000,930
GAZP,0,20121008,100143,158.11000,10
GAZP,0,20121008,100145,158.18000,110
GAZP,0,20121008,100145,158.17000,70
GAZP,0,20121008,100145,158.18000,100
GAZP,0,20121008,100146,158.18000,100
GAZP,0,20121008,100148,158.18000,30
GAZP,0,20121008,100148,158.18000,100
GAZP,0,20121008,100149,158.17000,760
GAZP,0,20121008,100149,158.11000,1700
GAZP,0,20121008,100149,158.11000,2000
GAZP,0,20121008,100149,158.11000,30
GAZP,0,20121008,100149,158.10000,2040
GAZP,0,20121008,100149,158.10000,110
GAZP,0,20121008,100149,158.10000,20
GAZP,0,20121008,100149,158.10000,3340
GAZP,0,20121008,100150,158.18000,600
GAZP,0,20121008,100152,158.18000,300
GAZP,0,20121008,100155,158.18000,600
GAZP,0,20121008,100155,158.18000,10
GAZP,0,20121008,100155,158.18000,30
GAZP,0,20121008,100155,158.18000,10
GAZP,0,20121008,100155,158.18000,70
GAZP,0,20121008,100155,158.18000,10
GAZP,0,20121008,100155,158.18000,50
GAZP,0,20121008,100156,158.18000,600
GAZP,0,20121008,100156,158.18000,40
GAZP,0,20121008,100158,158.18000,220
GAZP,0,20121008,100158,158.18000,380
GAZP,0,20121008,100158,158.19000,400
GAZP,0,20121008,100158,158.19000,50
GAZP,0,20121008,100158,158.19000,100
GAZP,0,20121008,100158,158.19000,20
GAZP,0,20121008,100200,158.20000,200
GAZP,0,20121008,100200,158.19000,30
GAZP,0,20121008,100201,158.19000,250
GAZP,0,20121008,100201,158.20000,250
GAZP,0,20121008,100201,158.20000,80
GAZP,0,20121008,100201,158.20000,20
GAZP,0,20121008,100201,158.20000,2000
GAZP,0,20121008,100203,158.21000,10
GAZP,0,20121008,100203,158.28000,150
GAZP,0,20121008,100203,158.29000,30
GAZP,0,20121008,100203,158.30000,310
GAZP,0,20121008,100203,158.20000,30
GAZP,0,20121008,100203,158.20000,420
GAZP,0,20121008,100203,158.20000,50
GAZP,0,20121008,100203,158.20000,350
GAZP,0,20121008,100203,158.20000,350
GAZP,0,20121008,100203,158.20000,300
GAZP,0,20121008,100204,158.20000,420
GAZP,0,20121008,100204,158.28000,260
GAZP,0,20121008,100208,158.19000,50
GAZP,0,20121008,100208,158.20000,10
GAZP,0,20121008,100208,158.25000,40
GAZP,0,20121008,100209,158.20000,30
GAZP,0,20121008,100209,158.19000,90
GAZP,0,20121008,100211,158.20000,10
GAZP,0,20121008,100211,158.20000,40
GAZP,0,20121008,100211,158.19000,950
GAZP,0,20121008,100216,158.28000,10
GAZP,0,20121008,100216,158.28000,10
GAZP,0,20121008,100216,158.29000,30
GAZP,0,20121008,100216,158.30000,730
GAZP,0,20121008,100222,158.20000,10
GAZP,0,20121008,100222,158.20000,1000
GAZP,0,20121008,100222,158.20000,750
GAZP,0,20121008,100222,158.20000,30
GAZP,0,20121008,100222,158.19000,210
GAZP,0,20121008,100222,158.19000,10
GAZP,0,20121008,100225,158.27000,350
GAZP,0,20121008,100225,158.28000,150
GAZP,0,20121008,100229,158.22000,30
GAZP,0,20121008,100229,158.21000,10
GAZP,0,20121008,100229,158.20000,50
GAZP,0,20121008,100229,158.20000,10
GAZP,0,20121008,100231,158.21000,30
GAZP,0,20121008,100231,158.20000,970
GAZP,0,20121008,100231,158.20000,1000
GAZP,0,20121008,100231,158.20000,30
GAZP,0,20121008,100235,158.25000,200
GAZP,0,20121008,100236,158.26000,10
GAZP,0,20121008,100239,158.26000,200
GAZP,0,20121008,100242,158.26000,880
GAZP,0,20121008,100242,158.27000,3100
GAZP,0,20121008,100243,158.27000,60
GAZP,0,20121008,100246,158.27000,200
GAZP,0,20121008,100246,158.27000,760
GAZP,0,20121008,100246,158.25000,300
GAZP,0,20121008,100249,158.24000,10
GAZP,0,20121008,100249,158.24000,290
GAZP,0,20121008,100249,158.25000,1050
GAZP,0,20121008,100250,158.25000,530
GAZP,0,20121008,100251,158.28000,400
GAZP,0,20121008,100251,158.28000,100
GAZP,0,20121008,100251,158.28000,700
GAZP,0,20121008,100251,158.28000,10
GAZP,0,20121008,100251,158.28000,100
GAZP,0,20121008,100252,158.28000,90
GAZP,0,20121008,100252,158.25000,1490
GAZP,0,20121008,100253,158.29000,30
GAZP,0,20121008,100253,158.29000,100
GAZP,0,20121008,100253,158.29000,10
GAZP,0,20121008,100253,158.29000,100
GAZP,0,20121008,100253,158.29000,300
GAZP,0,20121008,100253,158.30000,210
GAZP,0,20121008,100254,158.25000,320
GAZP,0,20121008,100254,158.25000,1050
GAZP,0,20121008,100255,158.25000,110
GAZP,0,20121008,100255,158.25000,160
GAZP,0,20121008,100256,158.23000,50
GAZP,0,20121008,100256,158.25000,20
GAZP,0,20121008,100257,158.23000,400
GAZP,0,20121008,100258,158.22000,1060
GAZP,0,20121008,100258,158.22000,420
GAZP,0,20121008,100258,158.22000,530
GAZP,0,20121008,100258,158.22000,110
GAZP,0,20121008,100258,158.25000,830
GAZP,0,20121008,100258,158.22000,60
GAZP,0,20121008,100258,158.22000,2110
GAZP,0,20121008,100258,158.28000,10
GAZP,0,20121008,100300,158.22000,310
GAZP,0,20121008,100301,158.22000,110
GAZP,0,20121008,100301,158.22000,250
GAZP,0,20121008,100301,158.22000,210
GAZP,0,20121008,100301,158.22000,1060
GAZP,0,20121008,100301,158.22000,100
GAZP,0,20121008,100302,158.22000,210
GAZP,0,20121008,100302,158.22000,110
GAZP,0,20121008,100302,158.22000,10
GAZP,0,20121008,100303,158.22000,110
GAZP,0,20121008,100303,158.24000,1080
GAZP,0,20121008,100304,158.22000,420
GAZP,0,20121008,100304,158.22000,1580
GAZP,0,20121008,100304,158.22000,1060
GAZP,0,20121008,100304,158.22000,350
GAZP,0,20121008,100304,158.22000,50
GAZP,0,20121008,100304,158.22000,500
GAZP,0,20121008,100304,158.21000,160
GAZP,0,20121008,100305,158.21000,10
GAZP,0,20121008,100305,158.21000,210
GAZP,0,20121008,100305,158.21000,620
GAZP,0,20121008,100305,158.21000,1000
GAZP,0,20121008,100305,158.20000,280
GAZP,0,20121008,100305,158.24000,100
GAZP,0,20121008,100305,158.24000,300
GAZP,0,20121008,100305,158.25000,30
GAZP,0,20121008,100305,158.25000,30
GAZP,0,20121008,100305,158.26000,1540
GAZP,0,20121008,100305,158.23000,20
GAZP,0,20121008,100306,158.22000,200
GAZP,0,20121008,100309,158.22000,20
GAZP,0,20121008,100310,158.21000,20
GAZP,0,20121008,100310,158.20000,2090
GAZP,0,20121008,100310,158.22000,70
GAZP,0,20121008,100316,158.21000,150
GAZP,0,20121008,100316,158.21000,1000
GAZP,0,20121008,100316,158.21000,5900
GAZP,0,20121008,100318,158.21000,400
GAZP,0,20121008,100318,158.21000,300
GAZP,0,20121008,100318,158.21000,320
GAZP,0,20121008,100318,158.21000,100
GAZP,0,20121008,100318,158.21000,630
GAZP,0,20121008,100318,158.21000,50
GAZP,0,20121008,100319,158.20000,210
GAZP,0,20121008,100319,158.21000,250
GAZP,0,20121008,100319,158.22000,1700
GAZP,0,20121008,100320,158.25000,30
GAZP,0,20121008,100322,158.22000,950
GAZP,0,20121008,100324,158.22000,1590
GAZP,0,20121008,100324,158.22000,300
GAZP,0,20121008,100329,158.24000,30
GAZP,0,20121008,100329,158.24000,30
GAZP,0,20121008,100329,158.22000,1010
GAZP,0,20121008,100329,158.20000,990
GAZP,0,20121008,100329,158.25000,1160
GAZP,0,20121008,100329,158.26000,13460
GAZP,0,20121008,100329,158.26000,10
GAZP,0,20121008,100329,158.28000,90
GAZP,0,20121008,100329,158.28000,10
GAZP,0,20121008,100329,158.28000,20
GAZP,0,20121008,100329,158.28000,200
GAZP,0,20121008,100329,158.29000,800
GAZP,0,20121008,100329,158.21000,350
GAZP,0,20121008,100329,158.20000,1650
GAZP,0,20121008,100329,158.22000,50
GAZP,0,20121008,100329,158.20000,160
GAZP,0,20121008,100330,158.20000,110
GAZP,0,20121008,100331,158.20000,100
GAZP,0,20121008,100333,158.21000,70
GAZP,0,20121008,100333,158.20000,40
GAZP,0,20121008,100333,158.20000,360
GAZP,0,20121008,100333,158.20000,10
GAZP,0,20121008,100333,158.20000,10
GAZP,0,20121008,100333,158.20000,670
GAZP,0,20121008,100333,158.20000,110
GAZP,0,20121008,100334,158.24000,320
GAZP,0,20121008,100334,158.24000,180
GAZP,0,20121008,100334,158.21000,30
GAZP,0,20121008,100334,158.21000,70
GAZP,0,20121008,100334,158.20000,30
GAZP,0,20121008,100334,158.22000,350
GAZP,0,20121008,100334,158.23000,11000
GAZP,0,20121008,100334,158.24000,388650
GAZP,0,20121008,100340,158.20000,190
GAZP,0,20121008,100340,158.20000,500
GAZP,0,20121008,100340,158.20000,20
GAZP,0,20121008,100340,158.20000,30
GAZP,0,20121008,100340,158.20000,30
GAZP,0,20121008,100340,158.20000,200
GAZP,0,20121008,100340,158.20000,230
GAZP,0,20121008,100340,158.20000,1000
GAZP,0,20121008,100340,158.20000,490
GAZP,0,20121008,100340,158.20000,1510
GAZP,0,20121008,100340,158.20000,2100
GAZP,0,20121008,100340,158.21000,200
GAZP,0,20121008,100340,158.20000,130
GAZP,0,20121008,100341,158.20000,260
GAZP,0,20121008,100341,158.20000,10
GAZP,0,20121008,100341,158.20000,450
GAZP,0,20121008,100342,158.20000,70
GAZP,0,20121008,100343,158.21000,50
GAZP,0,20121008,100343,158.20000,9000
GAZP,0,20121008,100343,158.20000,1000
GAZP,0,20121008,100343,158.20000,10
GAZP,0,20121008,100344,158.19000,350
GAZP,0,20121008,100344,158.19000,200
GAZP,0,20121008,100344,158.19000,400
GAZP,0,20121008,100344,158.19000,290
GAZP,0,20121008,100344,158.19000,200
GAZP,0,20121008,100344,158.19000,80
GAZP,0,20121008,100344,158.19000,310
GAZP,0,20121008,100344,158.19000,200
GAZP,0,20121008,100344,158.19000,1030
GAZP,0,20121008,100344,158.19000,200
GAZP,0,20121008,100345,158.19000,40
GAZP,0,20121008,100345,158.18000,60
GAZP,0,20121008,100345,158.18000,400
GAZP,0,20121008,100345,158.18000,160
GAZP,0,20121008,100345,158.18000,140
GAZP,0,20121008,100345,158.18000,300
GAZP,0,20121008,100348,158.18000,220
GAZP,0,20121008,100348,158.18000,100
GAZP,0,20121008,100349,158.18000,240
GAZP,0,20121008,100349,158.18000,550
GAZP,0,20121008,100349,158.18000,10
GAZP,0,20121008,100349,158.18000,30
GAZP,0,20121008,100349,158.15000,10
GAZP,0,20121008,100349,158.13000,10
GAZP,0,20121008,100349,158.12000,20
GAZP,0,20121008,100349,158.12000,20
GAZP,0,20121008,100349,158.12000,70
GAZP,0,20121008,100349,158.12000,740
GAZP,0,20121008,100350,158.12000,260
GAZP,0,20121008,100350,158.11000,100
GAZP,0,20121008,100350,158.11000,900
GAZP,0,20121008,100350,158.14000,10
GAZP,0,20121008,100350,158.12000,100
GAZP,0,20121008,100351,158.11000,100
GAZP,0,20121008,100353,158.11000,2110
GAZP,0,20121008,100353,158.11000,2360
GAZP,0,20121008,100354,158.11000,130
GAZP,0,20121008,100354,158.11000,140
GAZP,0,20121008,100354,158.11000,260
GAZP,0,20121008,100354,158.11000,10
GAZP,0,20121008,100354,158.11000,360
GAZP,0,20121008,100354,158.10000,6000
GAZP,0,20121008,100354,158.10000,30
GAZP,0,20121008,100354,158.10000,360
GAZP,0,20121008,100354,158.10000,240
GAZP,0,20121008,100354,158.10000,50
GAZP,0,20121008,100354,158.10000,240
GAZP,0,20121008,100354,158.10000,460
GAZP,0,20121008,100354,158.10000,3340
GAZP,0,20121008,100355,158.10000,960
GAZP,0,20121008,100357,158.10000,2500
GAZP,0,20121008,100358,158.10000,350
GAZP,0,20121008,100400,158.10000,10
GAZP,0,20121008,100400,158.10000,2000
GAZP,0,20121008,100400,158.10000,130
GAZP,0,20121008,100400,158.10000,290
GAZP,0,20121008,100400,158.10000,230
GAZP,0,20121008,100401,158.10000,810
GAZP,0,20121008,100401,158.10000,250
GAZP,0,20121008,100401,158.10000,1980
GAZP,0,20121008,100401,158.10000,2630
GAZP,0,20121008,100402,158.10000,780
GAZP,0,20121008,100402,158.10000,140
GAZP,0,20121008,100402,158.10000,1300
GAZP,0,20121008,100402,158.10000,100
GAZP,0,20121008,100403,158.10000,770
GAZP,0,20121008,100403,158.09000,50
GAZP,0,20121008,100403,158.09000,10
GAZP,0,20121008,100403,158.09000,350
GAZP,0,20121008,100403,158.09000,530
GAZP,0,20121008,100404,158.14000,90
GAZP,0,20121008,100404,158.19000,300
GAZP,0,20121008,100404,158.19000,30
GAZP,0,20121008,100404,158.20000,8620
GAZP,0,20121008,100404,158.09000,760
GAZP,0,20121008,100404,158.09000,300
GAZP,0,20121008,100404,158.09000,350
GAZP,0,20121008,100404,158.09000,350
GAZP,0,20121008,100404,158.09000,350
GAZP,0,20121008,100404,158.09000,140
GAZP,0,20121008,100404,158.08000,60
GAZP,0,20121008,100404,158.08000,440
GAZP,0,20121008,100404,158.08000,120
GAZP,0,20121008,100404,158.08000,1870
GAZP,0,20121008,100404,158.13000,50
GAZP,0,20121008,100404,158.08000,350
GAZP,0,20121008,100404,158.08000,2230
GAZP,0,20121008,100405,158.07000,320
GAZP,0,20121008,100405,158.07000,180
GAZP,0,20121008,100407,158.06000,20
GAZP,0,20121008,100407,158.06000,100
GAZP,0,20121008,100407,158.06000,80
GAZP,0,20121008,100408,158.06000,150
GAZP,0,20121008,100408,158.07000,50
GAZP,0,20121008,100408,158.07000,50
GAZP,0,20121008,100410,158.06000,10
GAZP,0,20121008,100410,158.08000,50
GAZP,0,20121008,100410,158.06000,460
GAZP,0,20121008,100410,158.06000,210
GAZP,0,20121008,100413,158.09000,10
GAZP,0,20121008,100414,158.09000,340
GAZP,0,20121008,100414,158.09000,140
GAZP,0,20121008,100414,158.07000,500
GAZP,0,20121008,100414,158.07000,700
GAZP,0,20121008,100414,158.06000,2290
GAZP,0,20121008,100414,158.05000,10
GAZP,0,20121008,100414,158.05000,2110
GAZP,0,20121008,100414,158.05000,200
GAZP,0,20121008,100415,158.06000,50
GAZP,0,20121008,100415,158.05000,100
GAZP,0,20121008,100415,158.05000,1380
GAZP,0,20121008,100415,158.05000,4740
GAZP,0,20121008,100415,158.05000,210
GAZP,0,20121008,100416,158.05000,530
GAZP,0,20121008,100416,158.05000,900
GAZP,0,20121008,100419,158.05000,100
GAZP,0,20121008,100419,158.05000,1810
GAZP,0,20121008,100419,158.04000,300
GAZP,0,20121008,100419,158.03000,10
GAZP,0,20121008,100419,158.03000,60
GAZP,0,20121008,100419,158.03000,30
GAZP,0,20121008,100419,158.03000,10
GAZP,0,20121008,100419,158.03000,360
GAZP,0,20121008,100420,158.07000,300
GAZP,0,20121008,100420,158.03000,1640
GAZP,0,20121008,100420,158.02000,60
GAZP,0,20121008,100425,158.03000,2000
GAZP,0,20121008,100425,158.03000,580
GAZP,0,20121008,100426,158.03000,470
GAZP,0,20121008,100431,158.06000,10
GAZP,0,20121008,100438,158.08000,150
GAZP,0,20121008,100438,158.08000,340
GAZP,0,20121008,100438,158.08000,10
GAZP,0,20121008,100438,158.09000,40
GAZP,0,20121008,100439,158.09000,80
GAZP,0,20121008,100440,158.09000,80
GAZP,0,20121008,100441,158.06000,10
GAZP,0,20121008,100441,158.05000,990
GAZP,0,20121008,100443,158.08000,50
GAZP,0,20121008,100444,158.05000,2000
GAZP,0,20121008,100444,158.05000,2000
GAZP,0,20121008,100445,158.05000,10
GAZP,0,20121008,100446,158.05000,130
GAZP,0,20121008,100446,158.05000,2500
GAZP,0,20121008,100447,158.06000,5000
GAZP,0,20121008,100447,158.05000,2000
GAZP,0,20121008,100450,158.05000,310
GAZP,0,20121008,100450,158.05000,60
GAZP,0,20121008,100450,158.04000,30
GAZP,0,20121008,100450,158.04000,50
GAZP,0,20121008,100450,158.03000,20
GAZP,0,20121008,100450,158.03000,50
GAZP,0,20121008,100450,158.04000,900
GAZP,0,20121008,100450,158.04000,1500
GAZP,0,20121008,100450,158.07000,399850
GAZP,0,20121008,100452,158.02000,880
GAZP,0,20121008,100452,158.02000,10
GAZP,0,20121008,100452,158.02000,1000
GAZP,0,20121008,100452,158.02000,10
GAZP,0,20121008,100452,158.02000,100
GAZP,0,20121008,100452,158.03000,600
GAZP,0,20121008,100453,158.03000,20
GAZP,0,20121008,100453,158.02000,2080
GAZP,0,20121008,100453,158.02000,10
GAZP,0,20121008,100453,158.02000,10
GAZP,0,20121008,100453,158.01000,10
GAZP,0,20121008,100453,158.01000,100
GAZP,0,20121008,100453,158.01000,1790
GAZP,0,20121008,100455,158.01000,20
GAZP,0,20121008,100457,158.01000,500
GAZP,0,20121008,100458,158.05000,1000
GAZP,0,20121008,100458,158.02000,30
GAZP,0,20121008,100458,158.01000,970
GAZP,0,20121008,100458,158.02000,50
GAZP,0,20121008,100458,158.01000,1720
GAZP,0,20121008,100458,158.01000,250
GAZP,0,20121008,100458,158.01000,200
GAZP,0,20121008,100458,158.01000,230
GAZP,0,20121008,100500,158.03000,200
GAZP,0,20121008,100500,158.03000,500
GAZP,0,20121008,100500,158.01000,50
GAZP,0,20121008,100500,158.01000,250
GAZP,0,20121008,100501,158.01000,10
GAZP,0,20121008,100501,158.01000,30
GAZP,0,20121008,100502,158.01000,400
GAZP,0,20121008,100502,158.01000,900
GAZP,0,20121008,100502,158.01000,3000
GAZP,0,20121008,100503,158.01000,2000
GAZP,0,20121008,100503,158.01000,2110
GAZP,0,20121008,100503,158.03000,100
GAZP,0,20121008,100503,158.01000,1310
GAZP,0,20121008,100504,158.01000,530
GAZP,0,20121008,100504,158.01000,640
GAZP,0,20121008,100504,158.01000,100
GAZP,0,20121008,100504,158.01000,210
GAZP,0,20121008,100505,158.01000,640
GAZP,0,20121008,100505,158.01000,310
GAZP,0,20121008,100505,158.01000,1590
GAZP,0,20121008,100505,158.01000,100
GAZP,0,20121008,100505,158.01000,110
GAZP,0,20121008,100506,158.01000,4740
GAZP,0,20121008,100506,158.01000,2110
GAZP,0,20121008,100507,158.04000,280
GAZP,0,20121008,100507,158.05000,280
GAZP,0,20121008,100507,158.07000,280
GAZP,0,20121008,100507,158.07000,110
GAZP,0,20121008,100507,158.07000,420
GAZP,0,20121008,100508,158.07000,110
GAZP,0,20121008,100508,158.07000,10
GAZP,0,20121008,100508,158.07000,310
GAZP,0,20121008,100508,158.07000,110
GAZP,0,20121008,100509,158.07000,8000
GAZP,0,20121008,100511,158.07000,100
GAZP,0,20121008,100511,158.07000,160
GAZP,0,20121008,100511,158.07000,270
GAZP,0,20121008,100511,158.07000,520
GAZP,0,20121008,100516,158.08000,30
GAZP,0,20121008,100518,158.08000,30
GAZP,0,20121008,100518,158.08000,140
GAZP,0,20121008,100518,158.08000,360
GAZP,0,20121008,100519,158.09000,30
GAZP,0,20121008,100522,158.09000,70
GAZP,0,20121008,100522,158.09000,100
GAZP,0,20121008,100522,158.09000,200
GAZP,0,20121008,100522,158.10000,7490
GAZP,0,20121008,100522,158.10000,370
GAZP,0,20121008,100522,158.10000,5610
GAZP,0,20121008,100522,158.10000,3430
GAZP,0,20121008,100522,158.10000,7530
GAZP,0,20121008,100522,158.10000,39530
GAZP,0,20121008,100522,158.10000,4900
GAZP,0,20121008,100522,158.10000,360
GAZP,0,20121008,100522,158.10000,1340
GAZP,0,20121008,100522,158.10000,600
GAZP,0,20121008,100522,158.10000,20
GAZP,0,20121008,100522,158.10000,3060
GAZP,0,20121008,100522,158.10000,80
GAZP,0,20121008,100522,158.10000,310
GAZP,0,20121008,100523,158.10000,1000
GAZP,0,20121008,100523,158.09000,100
GAZP,0,20121008,100523,158.10000,3660
GAZP,0,20121008,100523,158.10000,900
GAZP,0,20121008,100523,158.10000,7200
GAZP,0,20121008,100523,158.10000,15740
GAZP,0,20121008,100524,158.08000,30
GAZP,0,20121008,100524,158.08000,100
GAZP,0,20121008,100524,158.07000,110
GAZP,0,20121008,100524,158.06000,1760
GAZP,0,20121008,100524,158.10000,3000
GAZP,0,20121008,100524,158.10000,50
GAZP,0,20121008,100525,158.10000,30
GAZP,0,20121008,100525,158.10000,2000
GAZP,0,20121008,100525,158.10000,8000
GAZP,0,20121008,100525,158.09000,10
GAZP,0,20121008,100525,158.10000,550
GAZP,0,20121008,100525,158.10000,8450
GAZP,0,20121008,100525,158.10000,2000
GAZP,0,20121008,100526,158.09000,40
GAZP,0,20121008,100526,158.07000,490
GAZP,0,20121008,100526,158.10000,13050
GAZP,0,20121008,100526,158.10000,2460
GAZP,0,20121008,100526,158.10000,100
GAZP,0,20121008,100527,158.10000,440
GAZP,0,20121008,100527,158.10000,790
GAZP,0,20121008,100528,158.10000,110
GAZP,0,20121008,100528,158.10000,60
GAZP,0,20121008,100528,158.07000,640
GAZP,0,20121008,100529,158.10000,7200
GAZP,0,20121008,100530,158.12000,100
GAZP,0,20121008,100533,158.12000,30
GAZP,0,20121008,100533,158.12000,100
GAZP,0,20121008,100533,158.12000,4770
GAZP,0,20121008,100533,158.15000,5000
GAZP,0,20121008,100533,158.19000,230
GAZP,0,20121008,100533,158.19000,350
GAZP,0,20121008,100533,158.20000,450
GAZP,0,20121008,100536,158.13000,10
GAZP,0,20121008,100536,158.12000,350
GAZP,0,20121008,100536,158.12000,40
GAZP,0,20121008,100536,158.11000,1000
GAZP,0,20121008,100536,158.11000,200
GAZP,0,20121008,100536,158.10000,410
GAZP,0,20121008,100537,158.12000,30
GAZP,0,20121008,100537,158.10000,8270
GAZP,0,20121008,100537,158.10000,200
GAZP,0,20121008,100537,158.10000,1500
GAZP,0,20121008,100539,158.18000,10
GAZP,0,20121008,100540,158.18000,300
GAZP,0,20121008,100541,158.11000,10
GAZP,0,20121008,100541,158.11000,190
GAZP,0,20121008,100553,158.18000,500
GAZP,0,20121008,100553,158.19000,900
GAZP,0,20121008,100555,158.12000,50
GAZP,0,20121008,100555,158.12000,500
GAZP,0,20121008,100555,158.12000,20
GAZP,0,20121008,100555,158.11000,310
GAZP,0,20121008,100555,158.11000,30
GAZP,0,20121008,100555,158.11000,30
GAZP,0,20121008,100555,158.11000,30
GAZP,0,20121008,100555,158.11000,30
GAZP,0,20121008,100555,158.11000,200
GAZP,0,20121008,100555,158.11000,40
GAZP,0,20121008,100555,158.10000,120
GAZP,0,20121008,100555,158.10000,1640
GAZP,0,20121008,100555,158.10000,2000
GAZP,0,20121008,100558,158.11000,30
GAZP,0,20121008,100601,158.10000,250
GAZP,0,20121008,100602,158.10000,1110
GAZP,0,20121008,100602,158.10000,8000
GAZP,0,20121008,100602,158.10000,30
GAZP,0,20121008,100602,158.10000,30
GAZP,0,20121008,100602,158.10000,400
GAZP,0,20121008,100602,158.10000,200
GAZP,0,20121008,100602,158.10000,230
GAZP,0,20121008,100614,158.12000,10
GAZP,0,20121008,100615,158.18000,10
GAZP,0,20121008,100615,158.19000,330
GAZP,0,20121008,100615,158.19000,200
GAZP,0,20121008,100615,158.19000,10
GAZP,0,20121008,100616,158.19000,20
GAZP,0,20121008,100616,158.19000,20
GAZP,0,20121008,100625,158.19000,20
GAZP,0,20121008,100628,158.19000,200
GAZP,0,20121008,100628,158.19000,600
GAZP,0,20121008,100628,158.19000,320
GAZP,0,20121008,100628,158.19000,1000
GAZP,0,20121008,100628,158.19000,280
GAZP,0,20121008,100628,158.19000,1500
GAZP,0,20121008,100628,158.20000,550
GAZP,0,20121008,100628,158.20000,1000
GAZP,0,20121008,100628,158.20000,4000
GAZP,0,20121008,100628,158.20000,250
GAZP,0,20121008,100628,158.20000,3620
GAZP,0,20121008,100636,158.19000,30
GAZP,0,20121008,100636,158.19000,30
GAZP,0,20121008,100636,158.20000,140
GAZP,0,20121008,100640,158.13000,30
GAZP,0,20121008,100640,158.13000,30
GAZP,0,20121008,100640,158.12000,40
GAZP,0,20121008,100640,158.12000,10
GAZP,0,20121008,100640,158.11000,500
GAZP,0,20121008,100640,158.11000,200
GAZP,0,20121008,100640,158.11000,300
GAZP,0,20121008,100640,158.10000,5700
GAZP,0,20121008,100640,158.12000,500
GAZP,0,20121008,100640,158.10000,2300
GAZP,0,20121008,100640,158.10000,60
GAZP,0,20121008,100640,158.10000,140
GAZP,0,20121008,100640,158.11000,350
GAZP,0,20121008,100640,158.10000,1650
GAZP,0,20121008,100640,158.10000,2000
GAZP,0,20121008,100640,158.18000,20
GAZP,0,20121008,100645,158.12000,200
GAZP,0,20121008,100646,158.15000,100
GAZP,0,20121008,100654,158.10000,1000
GAZP,0,20121008,100655,158.10000,10
GAZP,0,20121008,100656,158.13000,200
GAZP,0,20121008,100656,158.13000,40
GAZP,0,20121008,100657,158.10000,200
GAZP,0,20121008,100657,158.10000,9500
GAZP,0,20121008,100657,158.10000,300
GAZP,0,20121008,100701,158.10000,250
GAZP,0,20121008,100703,158.12000,10
GAZP,0,20121008,100709,158.12000,80
GAZP,0,20121008,100709,158.13000,20
GAZP,0,20121008,100709,158.10000,2000
GAZP,0,20121008,100709,158.10000,30
GAZP,0,20121008,100710,158.12000,10
GAZP,0,20121008,100710,158.12000,20
GAZP,0,20121008,100711,158.13000,580
GAZP,0,20121008,100711,158.14000,1930
GAZP,0,20121008,100712,158.10000,177010
GAZP,0,20121008,100712,158.07000,500
GAZP,0,20121008,100712,158.07000,20
GAZP,0,20121008,100712,158.07000,20
GAZP,0,20121008,100712,158.07000,400
GAZP,0,20121008,100712,158.06000,38240
GAZP,0,20121008,100712,158.06000,330
GAZP,0,20121008,100712,158.05000,1800
GAZP,0,20121008,100712,158.04000,280
GAZP,0,20121008,100712,158.03000,50
GAZP,0,20121008,100712,158.03000,2000
GAZP,0,20121008,100712,158.03000,10
GAZP,0,20121008,100712,158.03000,2000
GAZP,0,20121008,100712,158.02000,10
GAZP,0,20121008,100712,158.02000,20990
GAZP,0,20121008,100712,158.02000,100
GAZP,0,20121008,100712,158.02000,280
GAZP,0,20121008,100712,158.01000,8630
GAZP,0,20121008,100712,158.01000,80
GAZP,0,20121008,100712,158.01000,300
GAZP,0,20121008,100712,158.01000,2750
GAZP,0,20121008,100712,158.01000,1000
GAZP,0,20121008,100712,158.00000,10
GAZP,0,20121008,100712,158.00000,8000
GAZP,0,20121008,100712,158.00000,500
GAZP,0,20121008,100712,158.00000,10
GAZP,0,20121008,100712,158.00000,1890
GAZP,0,20121008,100712,158.00000,150
GAZP,0,20121008,100712,158.00000,10
GAZP,0,20121008,100712,158.00000,1000
GAZP,0,20121008,100712,158.00000,200
GAZP,0,20121008,100712,158.00000,320
GAZP,0,20121008,100712,158.00000,5000
GAZP,0,20121008,100712,158.00000,10
GAZP,0,20121008,100712,158.00000,10
GAZP,0,20121008,100712,158.00000,100
GAZP,0,20121008,100712,158.00000,15000
GAZP,0,20121008,100712,158.00000,150
GAZP,0,20121008,100712,158.00000,10
GAZP,0,20121008,100712,158.00000,1000
GAZP,0,20121008,100712,158.00000,10
GAZP,0,20121008,100712,158.00000,1250
GAZP,0,20121008,100712,158.00000,500
GAZP,0,20121008,100712,158.00000,280
GAZP,0,20121008,100712,158.00000,10000
GAZP,0,20121008,100712,158.00000,400
GAZP,0,20121008,100713,158.00000,500
GAZP,0,20121008,100713,158.00000,200
GAZP,0,20121008,100713,158.00000,100
GAZP,0,20121008,100713,158.00000,400
GAZP,0,20121008,100713,158.00000,1000
GAZP,0,20121008,100713,158.00000,800
GAZP,0,20121008,100713,158.00000,2000
GAZP,0,20121008,100713,158.00000,2900
GAZP,0,20121008,100713,157.98000,50
GAZP,0,20121008,100713,157.98000,350
GAZP,0,20121008,100713,157.97000,30
GAZP,0,20121008,100713,157.97000,280
GAZP,0,20121008,100713,157.96000,10
GAZP,0,20121008,100713,157.96000,10
GAZP,0,20121008,100713,157.96000,470
GAZP,0,20121008,100713,157.99000,300
GAZP,0,20121008,100713,157.99000,400
GAZP,0,20121008,100713,158.00000,2460
GAZP,0,20121008,100715,158.00000,20
GAZP,0,20121008,100718,158.00000,30
GAZP,0,20121008,100718,157.97000,100
GAZP,0,20121008,100719,158.00000,10
GAZP,0,20121008,100719,158.00000,30
GAZP,0,20121008,100720,158.00000,100
GAZP,0,20121008,100720,158.00000,800
GAZP,0,20121008,100723,158.00000,10
GAZP,0,20121008,100726,157.97000,50
GAZP,0,20121008,100728,158.00000,100
GAZP,0,20121008,100730,158.00000,500
GAZP,0,20121008,100731,158.00000,2000
GAZP,0,20121008,100731,158.00000,2000
GAZP,0,20121008,100731,158.00000,100
GAZP,0,20121008,100732,157.97000,130
GAZP,0,20121008,100732,157.97000,30
GAZP,0,20121008,100732,157.96000,230
GAZP,0,20121008,100732,157.96000,280
GAZP,0,20121008,100732,157.96000,30
GAZP,0,20121008,100732,157.96000,1720
GAZP,0,20121008,100732,158.00000,100
GAZP,0,20121008,100733,158.00000,50
GAZP,0,20121008,100734,158.00000,31180
GAZP,0,20121008,100734,158.00000,700
GAZP,0,20121008,100734,158.03000,280
GAZP,0,20121008,100734,158.05000,280
GAZP,0,20121008,100734,158.06000,400
GAZP,0,20121008,100734,158.07000,1040
GAZP,0,20121008,100734,158.05000,280
GAZP,0,20121008,100734,158.06000,280
GAZP,0,20121008,100734,158.07000,440
GAZP,0,20121008,100734,158.00000,60
GAZP,0,20121008,100734,158.07000,400
GAZP,0,20121008,100736,158.00000,3000
GAZP,0,20121008,100737,158.00000,50
GAZP,0,20121008,100738,158.00000,960
GAZP,0,20121008,100738,158.00000,780
GAZP,0,20121008,100739,158.00000,600
GAZP,0,20121008,100739,158.00000,2000
GAZP,0,20121008,100739,158.00000,840
GAZP,0,20121008,100745,158.00000,150
GAZP,0,20121008,100746,158.00000,510
GAZP,0,20121008,100750,158.00000,100
GAZP,0,20121008,100755,158.01000,10
GAZP,0,20121008,100755,158.01000,480
GAZP,0,20121008,100755,158.00000,4410
GAZP,0,20121008,100800,158.06000,60
GAZP,0,20121008,100800,158.07000,40
GAZP,0,20121008,100801,158.01000,600
GAZP,0,20121008,100801,158.01000,50
GAZP,0,20121008,100801,158.00000,150
GAZP,0,20121008,100801,158.01000,80
GAZP,0,20121008,100801,158.01000,170
GAZP,0,20121008,100806,158.00000,2000
GAZP,0,20121008,100814,158.01000,280
GAZP,0,20121008,100814,158.01000,20
GAZP,0,20121008,100820,158.07000,5000
GAZP,0,20121008,100823,158.07000,350
GAZP,0,20121008,100825,158.05000,100
GAZP,0,20121008,100825,158.05000,50
GAZP,0,20121008,100825,158.01000,310
GAZP,0,20121008,100825,158.01000,70
GAZP,0,20121008,100825,158.01000,280
GAZP,0,20121008,100825,158.00000,250
GAZP,0,20121008,100826,158.00000,360
GAZP,0,20121008,100827,158.00000,120
GAZP,0,20121008,100829,158.00000,100
GAZP,0,20121008,100829,158.00000,120
GAZP,0,20121008,100829,158.00000,390
GAZP,0,20121008,100835,158.06000,280
GAZP,0,20121008,100835,158.07000,2730
GAZP,0,20121008,100835,158.07000,100
GAZP,0,20121008,100835,158.09000,80
GAZP,0,20121008,100835,158.10000,450
GAZP,0,20121008,100835,158.10000,5000
GAZP,0,20121008,100835,158.10000,10
GAZP,0,20121008,100835,158.10000,280
GAZP,0,20121008,100835,158.10000,60
GAZP,0,20121008,100835,158.11000,10
GAZP,0,20121008,100835,158.11000,2000
GAZP,0,20121008,100842,158.04000,10
GAZP,0,20121008,100842,158.04000,990
GAZP,0,20121008,100843,158.03000,280
GAZP,0,20121008,100843,158.02000,500
GAZP,0,20121008,100843,158.02000,180
GAZP,0,20121008,100844,158.02000,40
GAZP,0,20121008,100844,158.01000,50
GAZP,0,20121008,100844,158.01000,280
GAZP,0,20121008,100844,158.00000,450
GAZP,0,20121008,100844,158.01000,280
GAZP,0,20121008,100844,158.00000,320
GAZP,0,20121008,100845,158.00000,400
GAZP,0,20121008,100845,158.00000,250
GAZP,0,20121008,100845,158.00000,20
GAZP,0,20121008,100845,158.00000,30
GAZP,0,20121008,100845,158.00000,140
GAZP,0,20121008,100846,158.00000,200
GAZP,0,20121008,100846,158.00000,10
GAZP,0,20121008,100846,158.00000,490
GAZP,0,20121008,100846,158.00000,500
GAZP,0,20121008,100846,158.00000,280
GAZP,0,20121008,100846,158.00000,50
GAZP,0,20121008,100846,158.00000,300
GAZP,0,20121008,100846,158.00000,1170
GAZP,0,20121008,100846,158.00000,960
GAZP,0,20121008,100847,158.00000,390
GAZP,0,20121008,100847,158.00000,600
GAZP,0,20121008,100848,158.00000,840
GAZP,0,20121008,100848,158.00000,390
GAZP,0,20121008,100849,158.00000,3500
GAZP,0,20121008,100849,158.00000,960
GAZP,0,20121008,100850,158.01000,600
GAZP,0,20121008,100850,158.01000,480
GAZP,0,20121008,100851,158.01000,120
GAZP,0,20121008,100854,158.04000,280
GAZP,0,20121008,100854,158.05000,1500
GAZP,0,20121008,100854,158.05000,280
GAZP,0,20121008,100854,158.07000,280
GAZP,0,20121008,100854,158.09000,280
GAZP,0,20121008,100854,158.10000,10
GAZP,0,20121008,100854,158.10000,2000
GAZP,0,20121008,100854,158.10000,1200
GAZP,0,20121008,100854,158.10000,800
GAZP,0,20121008,100854,158.10000,2000
GAZP,0,20121008,100854,158.10000,100
GAZP,0,20121008,100854,158.13000,100
GAZP,0,20121008,100854,158.13000,1000
GAZP,0,20121008,100854,158.13000,200
GAZP,0,20121008,100854,158.10000,300
GAZP,0,20121008,100854,158.10000,10
GAZP,0,20121008,100854,158.10000,10
GAZP,0,20121008,100857,158.14000,10
GAZP,0,20121008,100859,158.14000,500
GAZP,0,20121008,100901,158.10000,250
GAZP,0,20121008,100903,158.14000,10
GAZP,0,20121008,100904,158.14000,5500
GAZP,0,20121008,100913,158.10000,960
GAZP,0,20121008,100913,158.14000,10
GAZP,0,20121008,100913,158.10000,780
GAZP,0,20121008,100914,158.10000,600
GAZP,0,20121008,100914,158.10000,840
GAZP,0,20121008,100916,158.10000,100
GAZP,0,20121008,100919,158.10000,3640
GAZP,0,20121008,100924,158.14000,2040
GAZP,0,20121008,100924,158.14000,150
GAZP,0,20121008,100924,158.15000,310
GAZP,0,20121008,100933,158.10000,13780
GAZP,0,20121008,100933,158.10000,1220
GAZP,0,20121008,100933,158.10000,280
GAZP,0,20121008,100940,158.15000,10
GAZP,0,20121008,100941,158.14000,100
GAZP,0,20121008,100941,158.14000,1160
GAZP,0,20121008,100942,158.15000,180
GAZP,0,20121008,100942,158.15000,820
GAZP,0,20121008,100944,158.15000,1300
GAZP,0,20121008,100944,158.15000,2880
GAZP,0,20121008,100944,158.17000,250
GAZP,0,20121008,100945,158.19000,20
GAZP,0,20121008,100946,158.19000,980
GAZP,0,20121008,100946,158.19000,100
GAZP,0,20121008,100946,158.20000,1420
GAZP,0,20121008,100947,158.17000,80
GAZP,0,20121008,100948,158.20000,570
GAZP,0,20121008,100951,158.20000,50
GAZP,0,20121008,100955,158.20000,2000
GAZP,0,20121008,100956,158.20000,10
GAZP,0,20121008,101003,158.17000,250
GAZP,0,20121008,101012,158.20000,190
GAZP,0,20121008,101012,158.20000,20
GAZP,0,20121008,101012,158.20000,360
GAZP,0,20121008,101012,158.20000,300
GAZP,0,20121008,101012,158.20000,2000
GAZP,0,20121008,101012,158.20000,50
GAZP,0,20121008,101012,158.20000,1000
GAZP,0,20121008,101012,158.20000,100
GAZP,0,20121008,101016,158.20000,800
GAZP,0,20121008,101016,158.21000,10
GAZP,0,20121008,101019,158.21000,40
GAZP,0,20121008,101021,158.22000,10
GAZP,0,20121008,101022,158.22000,300
GAZP,0,20121008,101022,158.22000,600
GAZP,0,20121008,101022,158.22000,500
GAZP,0,20121008,101022,158.22000,600
GAZP,0,20121008,101022,158.22000,130
GAZP,0,20121008,101022,158.22000,10
GAZP,0,20121008,101022,158.22000,200
GAZP,0,20121008,101022,158.22000,700
GAZP,0,20121008,101023,158.22000,400
GAZP,0,20121008,101023,158.22000,600
GAZP,0,20121008,101023,158.22000,80
GAZP,0,20121008,101023,158.22000,10
GAZP,0,20121008,101023,158.22000,1400
GAZP,0,20121008,101023,158.22000,100
GAZP,0,20121008,101023,158.22000,200
GAZP,0,20121008,101024,158.22000,3000
GAZP,0,20121008,101024,158.21000,20
GAZP,0,20121008,101030,158.22000,500
GAZP,0,20121008,101031,158.22000,600
GAZP,0,20121008,101033,158.22000,60
GAZP,0,20121008,101033,158.22000,10
GAZP,0,20121008,101033,158.22000,1000
GAZP,0,20121008,101033,158.24000,10
GAZP,0,20121008,101033,158.24000,10
GAZP,0,20121008,101033,158.25000,460
GAZP,0,20121008,101037,158.24000,80
GAZP,0,20121008,101037,158.25000,920
GAZP,0,20121008,101038,158.25000,60
GAZP,0,20121008,101040,158.25000,500
GAZP,0,20121008,101040,158.25000,400
GAZP,0,20121008,101040,158.25000,600
GAZP,0,20121008,101040,158.25000,400
GAZP,0,20121008,101040,158.23000,10
GAZP,0,20121008,101040,158.25000,300
GAZP,0,20121008,101041,158.25000,450
GAZP,0,20121008,101042,158.25000,10
GAZP,0,20121008,101044,158.25000,100
GAZP,0,20121008,101045,158.25000,5680
GAZP,0,20121008,101049,158.25000,10
GAZP,0,20121008,101049,158.25000,110
GAZP,0,20121008,101049,158.25000,10
GAZP,0,20121008,101049,158.25000,1000
GAZP,0,20121008,101050,158.26000,600
GAZP,0,20121008,101050,158.26000,600
GAZP,0,20121008,101050,158.26000,470
GAZP,0,20121008,101050,158.27000,500
GAZP,0,20121008,101051,158.28000,100
GAZP,0,20121008,101053,158.28000,100
GAZP,0,20121008,101054,158.28000,800
GAZP,0,20121008,101054,158.28000,10
GAZP,0,20121008,101054,158.29000,250
GAZP,0,20121008,101054,158.29000,190
GAZP,0,20121008,101054,158.26000,30
GAZP,0,20121008,101054,158.25000,3920
GAZP,0,20121008,101055,158.23000,10
GAZP,0,20121008,101057,158.25000,3920
GAZP,0,20121008,101057,158.25000,2020
GAZP,0,20121008,101058,158.25000,10
GAZP,0,20121008,101059,158.25000,100
GAZP,0,20121008,101059,158.23000,10
GAZP,0,20121008,101059,158.28000,10
GAZP,0,20121008,101059,158.28000,10
GAZP,0,20121008,101059,158.28000,30
GAZP,0,20121008,101101,158.25000,250
GAZP,0,20121008,101102,158.29000,310
GAZP,0,20121008,101102,158.29000,10
GAZP,0,20121008,101102,158.29000,10
GAZP,0,20121008,101102,158.29000,130
GAZP,0,20121008,101102,158.29000,540
GAZP,0,20121008,101104,158.29000,10
GAZP,0,20121008,101110,158.29000,10
GAZP,0,20121008,101112,158.25000,100
GAZP,0,20121008,101112,158.25000,80
GAZP,0,20121008,101113,158.25000,6260
GAZP,0,20121008,101114,158.25000,3310
GAZP,0,20121008,101114,158.25000,100
GAZP,0,20121008,101117,158.28000,10
GAZP,0,20121008,101121,158.28000,500
GAZP,0,20121008,101123,158.26000,140
GAZP,0,20121008,101124,158.28000,750
GAZP,0,20121008,101131,158.26000,20
GAZP,0,20121008,101135,158.28000,10
GAZP,0,20121008,101135,158.29000,190
GAZP,0,20121008,101135,158.29000,410
GAZP,0,20121008,101136,158.29000,300
GAZP,0,20121008,101138,158.29000,1600
GAZP,0,20121008,101139,158.29000,1880
GAZP,0,20121008,101139,158.29000,120
GAZP,0,20121008,101140,158.29000,100
GAZP,0,20121008,101147,158.29000,70
GAZP,0,20121008,101151,158.29000,30
GAZP,0,20121008,101153,158.29000,1680
GAZP,0,20121008,101153,158.29000,100
GAZP,0,20121008,101153,158.30000,4750
GAZP,0,20121008,101153,158.30000,3470
GAZP,0,20121008,101153,158.30000,3000
GAZP,0,20121008,101155,158.30000,10
GAZP,0,20121008,101158,158.30000,10
GAZP,0,20121008,101159,158.27000,40
GAZP,0,20121008,101159,158.27000,100
GAZP,0,20121008,101201,158.27000,20
GAZP,0,20121008,101201,158.26000,60
GAZP,0,20121008,101201,158.26000,170
GAZP,0,20121008,101201,158.30000,50
GAZP,0,20121008,101204,158.30000,2670
GAZP,0,20121008,101207,158.29000,10
GAZP,0,20121008,101207,158.29000,2990
GAZP,0,20121008,101207,158.30000,3010
GAZP,0,20121008,101208,158.26000,750
GAZP,0,20121008,101208,158.25000,250
GAZP,0,20121008,101213,158.30000,1200
GAZP,0,20121008,101219,158.30000,1200
GAZP,0,20121008,101220,158.29000,10
GAZP,0,20121008,101222,158.30000,6980
GAZP,0,20121008,101222,158.30000,100
GAZP,0,20121008,101222,158.30000,1000
GAZP,0,20121008,101222,158.30000,10
GAZP,0,20121008,101222,158.30000,10
GAZP,0,20121008,101222,158.30000,10
GAZP,0,20121008,101243,158.30000,1400
GAZP,0,20121008,101251,158.31000,100
GAZP,0,20121008,101251,158.30000,100
GAZP,0,20121008,101258,158.33000,10
GAZP,0,20121008,101258,158.33000,1000
GAZP,0,20121008,101258,158.35000,20
GAZP,0,20121008,101258,158.35000,20
GAZP,0,20121008,101258,158.35000,140
GAZP,0,20121008,101258,158.35000,820
GAZP,0,20121008,101258,158.33000,220
GAZP,0,20121008,101259,158.35000,300
GAZP,0,20121008,101259,158.35000,100
GAZP,0,20121008,101259,158.36000,10
GAZP,0,20121008,101259,158.36000,10
GAZP,0,20121008,101259,158.36000,80
GAZP,0,20121008,101259,158.35000,100
GAZP,0,20121008,101300,158.35000,500
GAZP,0,20121008,101301,158.35000,300
GAZP,0,20121008,101301,158.35000,250
GAZP,0,20121008,101301,158.35000,100
GAZP,0,20121008,101306,158.37000,150
GAZP,0,20121008,101307,158.35000,580
GAZP,0,20121008,101307,158.37000,10
GAZP,0,20121008,101308,158.35000,9000
GAZP,0,20121008,101310,158.35000,1700
GAZP,0,20121008,101311,158.36000,7040
GAZP,0,20121008,101314,158.36000,500
GAZP,0,20121008,101314,158.35000,2000
GAZP,0,20121008,101315,158.35000,70
GAZP,0,20121008,101315,158.32000,280
GAZP,0,20121008,101315,158.31000,200
GAZP,0,20121008,101317,158.30000,10
GAZP,0,20121008,101318,158.35000,2000
GAZP,0,20121008,101318,158.36000,1000
GAZP,0,20121008,101320,158.35000,1000
GAZP,0,20121008,101325,158.36000,500
GAZP,0,20121008,101330,158.36000,20
GAZP,0,20121008,101335,158.36000,20
GAZP,0,20121008,101335,158.35000,70
GAZP,0,20121008,101342,158.36000,150
GAZP,0,20121008,101343,158.35000,50
GAZP,0,20121008,101344,158.36000,770
GAZP,0,20121008,101344,158.36000,730
GAZP,0,20121008,101350,158.36000,230
GAZP,0,20121008,101350,158.36000,30
GAZP,0,20121008,101350,158.36000,10
GAZP,0,20121008,101350,158.36000,100
GAZP,0,20121008,101351,158.36000,50
GAZP,0,20121008,101351,158.36000,1000
GAZP,0,20121008,101351,158.36000,100
GAZP,0,20121008,101351,158.36000,10
GAZP,0,20121008,101352,158.35000,110
GAZP,0,20121008,101356,158.34000,1000
GAZP,0,20121008,101400,158.35000,30
GAZP,0,20121008,101400,158.35000,100
GAZP,0,20121008,101400,158.35000,10
GAZP,0,20121008,101401,158.35000,60
GAZP,0,20121008,101401,158.35000,40
GAZP,0,20121008,101403,158.33000,10
GAZP,0,20121008,101403,158.33000,250
GAZP,0,20121008,101405,158.30000,20
GAZP,0,20121008,101405,158.30000,10
GAZP,0,20121008,101406,158.30000,10
GAZP,0,20121008,101408,158.33000,10
GAZP,0,20121008,101409,158.35000,1000
GAZP,0,20121008,101409,158.33000,10
GAZP,0,20121008,101410,158.33000,10
GAZP,0,20121008,101410,158.33000,10
GAZP,0,20121008,101411,158.33000,10
GAZP,0,20121008,101411,158.33000,30
GAZP,0,20121008,101414,158.33000,10
GAZP,0,20121008,101428,158.36000,10
GAZP,0,20121008,101434,158.36000,200
GAZP,0,20121008,101439,158.36000,120
GAZP,0,20121008,101439,158.36000,1560
GAZP,0,20121008,101443,158.36000,1030
GAZP,0,20121008,101443,158.36000,3970
GAZP,0,20121008,101446,158.36000,20
GAZP,0,20121008,101446,158.36000,400
GAZP,0,20121008,101447,158.36000,5610
GAZP,0,20121008,101447,158.36000,50
GAZP,0,20121008,101447,158.36000,110
GAZP,0,20121008,101447,158.36000,40
GAZP,0,20121008,101448,158.36000,500
GAZP,0,20121008,101450,158.36000,780
GAZP,0,20121008,101451,158.36000,360
GAZP,0,20121008,101451,158.36000,960
GAZP,0,20121008,101452,158.36000,840
GAZP,0,20121008,101452,158.36000,520
GAZP,0,20121008,101452,158.36000,240
GAZP,0,20121008,101453,158.36000,100
GAZP,0,20121008,101453,158.36000,780
GAZP,0,20121008,101453,158.36000,300
GAZP,0,20121008,101454,158.36000,300
GAZP,0,20121008,101455,158.37000,240
GAZP,0,20121008,101456,158.37000,50
GAZP,0,20121008,101457,158.37000,10
GAZP,0,20121008,101459,158.36000,510
GAZP,0,20121008,101459,158.36000,450
GAZP,0,20121008,101500,158.36000,550
GAZP,0,20121008,101500,158.36000,50
GAZP,0,20121008,101500,158.36000,120
GAZP,0,20121008,101500,158.36000,120
GAZP,0,20121008,101500,158.36000,630
GAZP,0,20121008,101500,158.36000,80
GAZP,0,20121008,101500,158.34000,280
GAZP,0,20121008,101500,158.31000,420
GAZP,0,20121008,101500,158.31000,100
GAZP,0,20121008,101500,158.31000,10
GAZP,0,20121008,101500,158.31000,20
GAZP,0,20121008,101500,158.30000,10
GAZP,0,20121008,101501,158.32000,10
GAZP,0,20121008,101501,158.30000,90
GAZP,0,20121008,101501,158.30000,300
GAZP,0,20121008,101501,158.30000,10
GAZP,0,20121008,101501,158.30000,440
GAZP,0,20121008,101501,158.30000,400
GAZP,0,20121008,101501,158.30000,350
GAZP,0,20121008,101501,158.30000,630
GAZP,0,20121008,101501,158.30000,200
GAZP,0,20121008,101501,158.30000,20
GAZP,0,20121008,101501,158.31000,10
GAZP,0,20121008,101501,158.30000,250
GAZP,0,20121008,101502,158.36000,200
GAZP,0,20121008,101502,158.37000,40
GAZP,0,20121008,101502,158.37000,250
GAZP,0,20121008,101502,158.37000,100
GAZP,0,20121008,101502,158.37000,2910
GAZP,0,20121008,101502,158.30000,150
GAZP,0,20121008,101502,158.30000,1000
GAZP,0,20121008,101502,158.30000,20
GAZP,0,20121008,101502,158.30000,50
GAZP,0,20121008,101502,158.30000,200
GAZP,0,20121008,101502,158.29000,2680
GAZP,0,20121008,101502,158.29000,310
GAZP,0,20121008,101502,158.29000,40
GAZP,0,20121008,101505,158.31000,70
GAZP,0,20121008,101505,158.30000,1250
GAZP,0,20121008,101505,158.30000,50
GAZP,0,20121008,101505,158.29000,1220
GAZP,0,20121008,101505,158.28000,180
GAZP,0,20121008,101505,158.28000,230
GAZP,0,20121008,101506,158.36000,10
GAZP,0,20121008,101506,158.36000,20
GAZP,0,20121008,101507,158.26000,10
GAZP,0,20121008,101507,158.26000,950
GAZP,0,20121008,101508,158.26000,260
GAZP,0,20121008,101510,158.26000,50
GAZP,0,20121008,101510,158.26000,190
GAZP,0,20121008,101511,158.25000,600
GAZP,0,20121008,101511,158.25000,360
GAZP,0,20121008,101512,158.26000,260
GAZP,0,20121008,101512,158.26000,240
GAZP,0,20121008,101517,158.26000,20
GAZP,0,20121008,101519,158.30000,300
GAZP,0,20121008,101519,158.30000,600
GAZP,0,20121008,101520,158.30000,840
GAZP,0,20121008,101520,158.30000,260
GAZP,0,20121008,101520,158.27000,500
GAZP,0,20121008,101520,158.26000,200
GAZP,0,20121008,101520,158.26000,280
GAZP,0,20121008,101520,158.25000,1720
GAZP,0,20121008,101521,158.25000,780
GAZP,0,20121008,101521,158.25000,600
GAZP,0,20121008,101522,158.25000,840
GAZP,0,20121008,101522,158.26000,100
GAZP,0,20121008,101526,158.25000,960
GAZP,0,20121008,101527,158.25000,260
GAZP,0,20121008,101527,158.25000,1650
GAZP,0,20121008,101527,158.25000,950
GAZP,0,20121008,101527,158.25000,400
GAZP,0,20121008,101527,158.25000,400
GAZP,0,20121008,101528,158.29000,10
GAZP,0,20121008,101528,158.32000,10
GAZP,0,20121008,101528,158.25000,100
GAZP,0,20121008,101528,158.25000,200
GAZP,0,20121008,101530,158.25000,20
GAZP,0,20121008,101530,158.25000,130
GAZP,0,20121008,101530,158.25000,600
GAZP,0,20121008,101531,158.25000,770
GAZP,0,20121008,101531,158.25000,70
GAZP,0,20121008,101531,158.25000,390
GAZP,0,20121008,101531,158.25000,20
GAZP,0,20121008,101532,158.25000,240
GAZP,0,20121008,101533,158.25000,120
GAZP,0,20121008,101533,158.25000,270
GAZP,0,20121008,101533,158.32000,270
GAZP,0,20121008,101533,158.33000,230
GAZP,0,20121008,101533,158.33000,280
GAZP,0,20121008,101533,158.34000,230
GAZP,0,20121008,101533,158.35000,280
GAZP,0,20121008,101533,158.35000,310
GAZP,0,20121008,101533,158.35000,400
GAZP,0,20121008,101533,158.35000,2000
GAZP,0,20121008,101533,158.36000,50
GAZP,0,20121008,101533,158.36000,1880
GAZP,0,20121008,101533,158.28000,280
GAZP,0,20121008,101533,158.26000,1720
GAZP,0,20121008,101534,158.25000,480
GAZP,0,20121008,101534,158.26000,200
GAZP,0,20121008,101534,158.25000,520
GAZP,0,20121008,101535,158.25000,120
GAZP,0,20121008,101537,158.25000,130
GAZP,0,20121008,101538,158.33000,280
GAZP,0,20121008,101538,158.34000,390
GAZP,0,20121008,101538,158.25000,200
GAZP,0,20121008,101542,158.25000,260
GAZP,0,20121008,101542,158.25000,600
GAZP,0,20121008,101543,158.25000,120
GAZP,0,20121008,101543,158.25000,520
GAZP,0,20121008,101544,158.25000,720
GAZP,0,20121008,101546,158.25000,1200
GAZP,0,20121008,101547,158.25000,2000
GAZP,0,20121008,101547,158.25000,600
GAZP,0,20121008,101547,158.25000,1420
GAZP,0,20121008,101547,158.25000,150
GAZP,0,20121008,101547,158.25000,170
GAZP,0,20121008,101547,158.25000,100
GAZP,0,20121008,101547,158.24000,160
GAZP,0,20121008,101547,158.24000,120
GAZP,0,20121008,101548,158.24000,400
GAZP,0,20121008,101548,158.25000,20
GAZP,0,20121008,101548,158.24000,280
GAZP,0,20121008,101548,158.24000,300
GAZP,0,20121008,101548,158.24000,600
GAZP,0,20121008,101548,158.24000,400
GAZP,0,20121008,101548,158.24000,100
GAZP,0,20121008,101548,158.24000,400
GAZP,0,20121008,101548,158.24000,800
GAZP,0,20121008,101549,158.24000,780
GAZP,0,20121008,101549,158.24000,300
GAZP,0,20121008,101549,158.24000,360
GAZP,0,20121008,101549,158.22000,600
GAZP,0,20121008,101549,158.22000,10
GAZP,0,20121008,101551,158.23000,40
GAZP,0,20121008,101553,158.24000,40
GAZP,0,20121008,101554,158.22000,390
GAZP,0,20121008,101554,158.22000,280
GAZP,0,20121008,101554,158.21000,280
GAZP,0,20121008,101554,158.21000,1050
GAZP,0,20121008,101557,158.20000,180
GAZP,0,20121008,101557,158.20000,180
GAZP,0,20121008,101557,158.20000,90
GAZP,0,20121008,101557,158.20000,500
GAZP,0,20121008,101558,158.20000,240
GAZP,0,20121008,101558,158.20000,780
GAZP,0,20121008,101559,158.24000,40
GAZP,0,20121008,101601,158.20000,250
GAZP,0,20121008,101601,158.20000,400
GAZP,0,20121008,101602,158.24000,220
GAZP,0,20121008,101602,158.26000,100
GAZP,0,20121008,101602,158.26000,300
GAZP,0,20121008,101602,158.27000,280
GAZP,0,20121008,101602,158.29000,280
GAZP,0,20121008,101602,158.29000,300
GAZP,0,20121008,101602,158.29000,2000
GAZP,0,20121008,101602,158.30000,150
GAZP,0,20121008,101604,158.22000,200
GAZP,0,20121008,101605,158.22000,10
GAZP,0,20121008,101611,158.29000,60
GAZP,0,20121008,101611,158.29000,10
GAZP,0,20121008,101612,158.26000,130
GAZP,0,20121008,101612,158.26000,870
GAZP,0,20121008,101613,158.31000,230
GAZP,0,20121008,101621,158.27000,280
GAZP,0,20121008,101621,158.26000,200
GAZP,0,20121008,101621,158.25000,210
GAZP,0,20121008,101621,158.25000,1310
GAZP,0,20121008,101623,158.29000,10
GAZP,0,20121008,101623,158.26000,30
GAZP,0,20121008,101623,158.25000,150
GAZP,0,20121008,101623,158.24000,10
GAZP,0,20121008,101623,158.24000,10
GAZP,0,20121008,101623,158.24000,90
GAZP,0,20121008,101623,158.24000,510
GAZP,0,20121008,101624,158.25000,10
GAZP,0,20121008,101624,158.25000,10
GAZP,0,20121008,101624,158.25000,30
GAZP,0,20121008,101624,158.25000,600
GAZP,0,20121008,101628,158.31000,40
GAZP,0,20121008,101630,158.31000,240
GAZP,0,20121008,101630,158.32000,500
GAZP,0,20121008,101630,158.35000,40
GAZP,0,20121008,101637,158.32000,400
GAZP,0,20121008,101637,158.32000,300
GAZP,0,20121008,101637,158.32000,300
GAZP,0,20121008,101638,158.32000,100
GAZP,0,20121008,101638,158.33000,360
GAZP,0,20121008,101638,158.33000,150
GAZP,0,20121008,101642,158.33000,800
GAZP,0,20121008,101644,158.33000,50
GAZP,0,20121008,101644,158.33000,100
GAZP,0,20121008,101644,158.33000,30
GAZP,0,20121008,101645,158.33000,100
GAZP,0,20121008,101646,158.33000,300
GAZP,0,20121008,101646,158.33000,10
GAZP,0,20121008,101646,158.33000,400
GAZP,0,20121008,101646,158.33000,100
GAZP,0,20121008,101646,158.32000,200
GAZP,0,20121008,101647,158.32000,400
GAZP,0,20121008,101647,158.32000,10
GAZP,0,20121008,101647,158.32000,400
GAZP,0,20121008,101647,158.32000,40
GAZP,0,20121008,101647,158.32000,20
GAZP,0,20121008,101647,158.32000,20
GAZP,0,20121008,101647,158.32000,10
GAZP,0,20121008,101647,158.32000,10
GAZP,0,20121008,101647,158.32000,40
GAZP,0,20121008,101647,158.32000,400
GAZP,0,20121008,101647,158.32000,40
GAZP,0,20121008,101647,158.32000,10
GAZP,0,20121008,101647,158.32000,10
GAZP,0,20121008,101648,158.32000,70
GAZP,0,20121008,101648,158.33000,30
GAZP,0,20121008,101649,158.33000,320
GAZP,0,20121008,101652,158.32000,1000
GAZP,0,20121008,101653,158.32000,80
GAZP,0,20121008,101654,158.32000,230
GAZP,0,20121008,101654,158.32000,40
GAZP,0,20121008,101654,158.32000,20
GAZP,0,20121008,101654,158.32000,30
GAZP,0,20121008,101654,158.32000,10
GAZP,0,20121008,101654,158.32000,70
GAZP,0,20121008,101656,158.29000,130
GAZP,0,20121008,101658,158.29000,100
GAZP,0,20121008,101701,158.29000,250
GAZP,0,20121008,101701,158.29000,50
GAZP,0,20121008,101702,158.29000,10
GAZP,0,20121008,101702,158.29000,70
GAZP,0,20121008,101702,158.29000,390
GAZP,0,20121008,101705,158.23000,70
GAZP,0,20121008,101705,158.22000,70
GAZP,0,20121008,101705,158.22000,20
GAZP,0,20121008,101705,158.21000,1840
GAZP,0,20121008,101710,158.21000,70
GAZP,0,20121008,101710,158.20000,1930
GAZP,0,20121008,101711,158.21000,240
GAZP,0,20121008,101716,158.23000,380
GAZP,0,20121008,101718,158.23000,1000
GAZP,0,20121008,101718,158.23000,290
GAZP,0,20121008,101718,158.23000,100
GAZP,0,20121008,101719,158.23000,380
GAZP,0,20121008,101720,158.23000,90
GAZP,0,20121008,101720,158.23000,190
GAZP,0,20121008,101720,158.23000,100
GAZP,0,20121008,101720,158.23000,380
GAZP,0,20121008,101721,158.23000,90
GAZP,0,20121008,101721,158.23000,190
GAZP,0,20121008,101722,158.23000,190
GAZP,0,20121008,101723,158.23000,90
GAZP,0,20121008,101723,158.23000,190
GAZP,0,20121008,101723,158.23000,670
GAZP,0,20121008,101723,158.23000,670
GAZP,0,20121008,101723,158.21000,280
GAZP,0,20121008,101728,158.20000,1140
GAZP,0,20121008,101728,158.21000,30
GAZP,0,20121008,101728,158.20000,1870
GAZP,0,20121008,101733,158.20000,450
GAZP,0,20121008,101735,158.20000,390
GAZP,0,20121008,101735,158.20000,600
GAZP,0,20121008,101736,158.20000,260
GAZP,0,20121008,101739,158.22000,10
GAZP,0,20121008,101744,158.20000,10
GAZP,0,20121008,101745,158.20000,10
GAZP,0,20121008,101747,158.20000,900
GAZP,0,20121008,101747,158.20000,100
GAZP,0,20121008,101747,158.20000,50
GAZP,0,20121008,101801,158.20000,250
GAZP,0,20121008,101812,158.20000,100
GAZP,0,20121008,101831,158.20000,130
GAZP,0,20121008,101835,158.20000,10
GAZP,0,20121008,101837,158.21000,50
GAZP,0,20121008,101837,158.21000,40
GAZP,0,20121008,101842,158.21000,10
GAZP,0,20121008,101842,158.21000,130
GAZP,0,20121008,101850,158.22000,100
GAZP,0,20121008,101901,158.21000,150
GAZP,0,20121008,101901,158.21000,100
GAZP,0,20121008,101906,158.22000,50
GAZP,0,20121008,101925,158.22000,200
GAZP,0,20121008,101934,158.21000,2900
GAZP,0,20121008,101934,158.21000,7100
GAZP,0,20121008,101938,158.21000,7900
GAZP,0,20121008,101940,158.20000,890
GAZP,0,20121008,101948,158.20000,1050
GAZP,0,20121008,101948,158.20000,10
GAZP,0,20121008,101948,158.20000,500
GAZP,0,20121008,101948,158.20000,6960
GAZP,0,20121008,101948,158.20000,2150
GAZP,0,20121008,101954,158.20000,860
GAZP,0,20121008,101954,158.20000,100
GAZP,0,20121008,101955,158.20000,40
GAZP,0,20121008,101955,158.21000,30
GAZP,0,20121008,101959,158.21000,500
GAZP,0,20121008,102001,158.20000,250
GAZP,0,20121008,102001,158.20000,1500
GAZP,0,20121008,102004,158.20000,10
GAZP,0,20121008,102008,158.21000,20
GAZP,0,20121008,102012,158.20000,100
GAZP,0,20121008,102014,158.21000,50
GAZP,0,20121008,102017,158.20000,100
GAZP,0,20121008,102021,158.21000,1500
GAZP,0,20121008,102022,158.21000,10
GAZP,0,20121008,102024,158.21000,740
GAZP,0,20121008,102024,158.20000,1260
GAZP,0,20121008,102025,158.20000,60
GAZP,0,20121008,102037,158.20000,20
GAZP,0,20121008,102039,158.20000,3330
GAZP,0,20121008,102039,158.22000,60
GAZP,0,20121008,102053,158.22000,50
GAZP,0,20121008,102057,158.21000,30
GAZP,0,20121008,102059,158.22000,290
GAZP,0,20121008,102101,158.21000,300
GAZP,0,20121008,102101,158.21000,250
GAZP,0,20121008,102102,158.22000,240
GAZP,0,20121008,102102,158.22000,20
GAZP,0,20121008,102102,158.22000,940
GAZP,0,20121008,102103,158.21000,2010
GAZP,0,20121008,102103,158.21000,2590
GAZP,0,20121008,102104,158.21000,70
GAZP,0,20121008,102107,158.21000,2670
GAZP,0,20121008,102113,158.20000,10
GAZP,0,20121008,102113,158.20000,10
GAZP,0,20121008,102114,158.20000,10
GAZP,0,20121008,102115,158.20000,10
GAZP,0,20121008,102129,158.20000,180
GAZP,0,20121008,102129,158.20000,10
GAZP,0,20121008,102129,158.20000,10
GAZP,0,20121008,102129,158.19000,320
GAZP,0,20121008,102131,158.21000,2660
GAZP,0,20121008,102131,158.22000,1640
GAZP,0,20121008,102131,158.19000,10
GAZP,0,20121008,102133,158.19000,10
GAZP,0,20121008,102136,158.21000,40
GAZP,0,20121008,102139,158.21000,260
GAZP,0,20121008,102139,158.22000,80
GAZP,0,20121008,102156,158.22000,5340
GAZP,0,20121008,102157,158.25000,2500
GAZP,0,20121008,102159,158.25000,700
GAZP,0,20121008,102201,158.22000,250
GAZP,0,20121008,102207,158.25000,320
GAZP,0,20121008,102208,158.22000,60
GAZP,0,20121008,102214,158.22000,1000
GAZP,0,20121008,102214,158.22000,60
GAZP,0,20121008,102216,158.25000,10
GAZP,0,20121008,102224,158.22000,400
GAZP,0,20121008,102224,158.22000,400
GAZP,0,20121008,102224,158.22000,400
GAZP,0,20121008,102224,158.22000,400
GAZP,0,20121008,102249,158.25000,10
GAZP,0,20121008,102254,158.25000,100
GAZP,0,20121008,102256,158.25000,420
GAZP,0,20121008,102301,158.22000,250
GAZP,0,20121008,102304,158.25000,300
GAZP,0,20121008,102309,158.25000,500
GAZP,0,20121008,102314,158.22000,660
GAZP,0,20121008,102314,158.22000,10
GAZP,0,20121008,102318,158.25000,500
GAZP,0,20121008,102320,158.22000,10
GAZP,0,20121008,102322,158.25000,580
GAZP,0,20121008,102322,158.22000,760
GAZP,0,20121008,102322,158.22000,100
GAZP,0,20121008,102322,158.22000,400
GAZP,0,20121008,102322,158.21000,650
GAZP,0,20121008,102322,158.20000,10
GAZP,0,20121008,102322,158.20000,30
GAZP,0,20121008,102322,158.19000,660
GAZP,0,20121008,102322,158.19000,110
GAZP,0,20121008,102322,158.18000,3000
GAZP,0,20121008,102322,158.18000,100
GAZP,0,20121008,102322,158.18000,2000
GAZP,0,20121008,102322,158.17000,10
GAZP,0,20121008,102322,158.16000,10
GAZP,0,20121008,102322,158.16000,1260
GAZP,0,20121008,102322,158.16000,9190
GAZP,0,20121008,102322,158.15000,10000
GAZP,0,20121008,102322,158.15000,630
GAZP,0,20121008,102322,158.15000,600
GAZP,0,20121008,102322,158.14000,240
GAZP,0,20121008,102322,158.14000,20
GAZP,0,20121008,102322,158.14000,3110
GAZP,0,20121008,102322,158.14000,11000
GAZP,0,20121008,102322,158.13000,100
GAZP,0,20121008,102322,158.13000,1000
GAZP,0,20121008,102322,158.13000,438710
GAZP,0,20121008,102322,158.14000,200
GAZP,0,20121008,102324,158.15000,20
GAZP,0,20121008,102324,158.15000,980
GAZP,0,20121008,102324,158.14000,180
GAZP,0,20121008,102324,158.13000,43890
GAZP,0,20121008,102324,158.13000,840
GAZP,0,20121008,102333,158.23000,10
GAZP,0,20121008,102335,158.16000,10
GAZP,0,20121008,102335,158.15000,170
GAZP,0,20121008,102359,158.20000,3000
GAZP,0,20121008,102400,158.24000,100
GAZP,0,20121008,102400,158.24000,180
GAZP,0,20121008,102400,158.24000,1500
GAZP,0,20121008,102400,158.25000,60
GAZP,0,20121008,102400,158.25000,280
GAZP,0,20121008,102400,158.25000,130
GAZP,0,20121008,102400,158.26000,300
GAZP,0,20121008,102400,158.26000,2860
GAZP,0,20121008,102400,158.27000,280
GAZP,0,20121008,102400,158.27000,2000
GAZP,0,20121008,102400,158.27000,1260
GAZP,0,20121008,102400,158.28000,280
GAZP,0,20121008,102400,158.28000,3000
GAZP,0,20121008,102400,158.29000,280
GAZP,0,20121008,102400,158.29000,10
GAZP,0,20121008,102400,158.29000,2570
GAZP,0,20121008,102400,158.29000,1000
GAZP,0,20121008,102400,158.29000,310
GAZP,0,20121008,102400,158.30000,20
GAZP,0,20121008,102400,158.30000,1260
GAZP,0,20121008,102400,158.30000,10000
GAZP,0,20121008,102400,158.30000,37000
GAZP,0,20121008,102400,158.30000,1000
GAZP,0,20121008,102400,158.30000,1000
GAZP,0,20121008,102400,158.30000,1260
GAZP,0,20121008,102400,158.32000,1120
GAZP,0,20121008,102400,158.32000,2000
GAZP,0,20121008,102400,158.33000,10
GAZP,0,20121008,102400,158.33000,20
GAZP,0,20121008,102400,158.33000,280
GAZP,0,20121008,102400,158.34000,20
GAZP,0,20121008,102400,158.34000,100
GAZP,0,20121008,102400,158.34000,16680
GAZP,0,20121008,102400,158.34000,13690
GAZP,0,20121008,102400,158.34000,11000
GAZP,0,20121008,102400,158.35000,12000
GAZP,0,20121008,102400,158.35000,1250
GAZP,0,20121008,102400,158.35000,473990
GAZP,0,20121008,102400,158.31000,350
GAZP,0,20121008,102400,158.32000,1210
GAZP,0,20121008,102400,158.22000,20
GAZP,0,20121008,102400,158.23000,50
GAZP,0,20121008,102401,158.26000,250
GAZP,0,20121008,102406,158.24000,280
GAZP,0,20121008,102406,158.24000,1220
GAZP,0,20121008,102410,158.25000,50
GAZP,0,20121008,102410,158.24000,1500
GAZP,0,20121008,102410,158.24000,280
GAZP,0,20121008,102410,158.23000,170
GAZP,0,20121008,102410,158.24000,350
GAZP,0,20121008,102410,158.22000,140
GAZP,0,20121008,102410,158.22000,1510
GAZP,0,20121008,102411,158.23000,2190
GAZP,0,20121008,102411,158.21000,200
GAZP,0,20121008,102411,158.21000,60
GAZP,0,20121008,102411,158.21000,1500
GAZP,0,20121008,102411,158.21000,15540
GAZP,0,20121008,102413,158.20000,7000
GAZP,0,20121008,102413,158.20000,5000
GAZP,0,20121008,102413,158.20000,110
GAZP,0,20121008,102414,158.19000,1000
GAZP,0,20121008,102414,158.19000,2000
GAZP,0,20121008,102415,158.18000,2000
GAZP,0,20121008,102415,158.17000,2000
GAZP,0,20121008,102415,158.17000,400
GAZP,0,20121008,102416,158.17000,2000
GAZP,0,20121008,102416,158.17000,2000
GAZP,0,20121008,102417,158.17000,10
GAZP,0,20121008,102417,158.17000,40
GAZP,0,20121008,102417,158.17000,800
GAZP,0,20121008,102417,158.17000,390
GAZP,0,20121008,102417,158.17000,460
GAZP,0,20121008,102418,158.17000,1400
GAZP,0,20121008,102418,158.16000,1260
GAZP,0,20121008,102419,158.15000,5000
GAZP,0,20121008,102419,158.15000,6890
GAZP,0,20121008,102419,158.15000,50
GAZP,0,20121008,102419,158.15000,1200
GAZP,0,20121008,102419,158.15000,1260
GAZP,0,20121008,102419,158.14000,1120
GAZP,0,20121008,102419,158.14000,2530
GAZP,0,20121008,102420,158.13000,50
GAZP,0,20121008,102420,158.13000,50
GAZP,0,20121008,102420,158.13000,510
GAZP,0,20121008,102420,158.13000,230
GAZP,0,20121008,102420,158.13000,80
GAZP,0,20121008,102420,158.13000,310
GAZP,0,20121008,102420,158.13000,110
GAZP,0,20121008,102421,158.13000,370
GAZP,0,20121008,102421,158.13000,300
GAZP,0,20121008,102421,158.13000,160
GAZP,0,20121008,102421,158.13000,30
GAZP,0,20121008,102421,158.13000,20
GAZP,0,20121008,102421,158.13000,10
GAZP,0,20121008,102426,158.12000,10
GAZP,0,20121008,102426,158.11000,2500
GAZP,0,20121008,102426,158.11000,10
GAZP,0,20121008,102426,158.11000,130
GAZP,0,20121008,102426,158.10000,5500
GAZP,0,20121008,102426,158.10000,200
GAZP,0,20121008,102426,158.10000,260
GAZP,0,20121008,102427,158.10000,9740
GAZP,0,20121008,102427,158.10000,2000
GAZP,0,20121008,102427,158.10000,10000
GAZP,0,20121008,102427,158.09000,1000
GAZP,0,20121008,102427,158.09000,10
GAZP,0,20121008,102427,158.09000,1120
GAZP,0,20121008,102428,158.09000,600
GAZP,0,20121008,102428,158.16000,100
GAZP,0,20121008,102428,158.10000,1000
GAZP,0,20121008,102446,158.14000,20
GAZP,0,20121008,102455,158.13000,10
GAZP,0,20121008,102455,158.14000,230
GAZP,0,20121008,102455,158.14000,50
GAZP,0,20121008,102455,158.15000,440
GAZP,0,20121008,102501,158.12000,30
GAZP,0,20121008,102501,158.08000,200
GAZP,0,20121008,102501,158.08000,20
GAZP,0,20121008,102501,158.08000,80
GAZP,0,20121008,102501,158.08000,30
GAZP,0,20121008,102501,158.07000,3160
GAZP,0,20121008,102501,158.06000,100
GAZP,0,20121008,102501,158.06000,190
GAZP,0,20121008,102501,158.06000,610
GAZP,0,20121008,102501,158.06000,1890
GAZP,0,20121008,102501,158.06000,100
GAZP,0,20121008,102501,158.06000,600
GAZP,0,20121008,102501,158.05000,20
GAZP,0,20121008,102501,158.05000,380
GAZP,0,20121008,102501,158.05000,150
GAZP,0,20121008,102501,158.05000,1000
GAZP,0,20121008,102502,158.07000,350
GAZP,0,20121008,102502,158.06000,2240
GAZP,0,20121008,102504,158.06000,500
GAZP,0,20121008,102504,158.06000,500
GAZP,0,20121008,102504,158.06000,330
GAZP,0,20121008,102504,158.06000,320
GAZP,0,20121008,102504,158.06000,100
GAZP,0,20121008,102504,158.06000,1300
GAZP,0,20121008,102504,158.06000,170
GAZP,0,20121008,102504,158.06000,50
GAZP,0,20121008,102504,158.06000,10
GAZP,0,20121008,102504,158.06000,260
GAZP,0,20121008,102504,158.06000,110
GAZP,0,20121008,102508,158.06000,1200
GAZP,0,20121008,102508,158.05000,1300
GAZP,0,20121008,102522,158.10000,100
GAZP,0,20121008,102522,158.14000,50
GAZP,0,20121008,102522,158.16000,270
GAZP,0,20121008,102526,158.14000,50
GAZP,0,20121008,102528,158.07000,10
GAZP,0,20121008,102528,158.06000,300
GAZP,0,20121008,102528,158.05000,440
GAZP,0,20121008,102528,158.05000,600
GAZP,0,20121008,102528,158.06000,50
GAZP,0,20121008,102528,158.05000,250
GAZP,0,20121008,102530,158.05000,860
GAZP,0,20121008,102530,158.05000,520
GAZP,0,20121008,102533,158.05000,390
GAZP,0,20121008,102542,158.10000,300
GAZP,0,20121008,102543,158.12000,20
GAZP,0,20121008,102550,158.10000,30
GAZP,0,20121008,102556,158.13000,10
GAZP,0,20121008,102600,158.11000,200
GAZP,0,20121008,102600,158.10000,50
GAZP,0,20121008,102620,158.13000,10
GAZP,0,20121008,102620,158.13000,1500
GAZP,0,20121008,102620,158.13000,1490
GAZP,0,20121008,102620,158.10000,3510
GAZP,0,20121008,102621,158.10000,5130
GAZP,0,20121008,102623,158.15000,30
GAZP,0,20121008,102623,158.17000,80
GAZP,0,20121008,102623,158.18000,40
GAZP,0,20121008,102633,158.18000,100
GAZP,0,20121008,102646,158.18000,100
GAZP,0,20121008,102656,158.18000,100
GAZP,0,20121008,102701,158.12000,250
GAZP,0,20121008,102711,158.19000,1000
GAZP,0,20121008,102713,158.18000,220
GAZP,0,20121008,102713,158.18000,220
GAZP,0,20121008,102713,158.17000,800
GAZP,0,20121008,102713,158.15000,20
GAZP,0,20121008,102713,158.14000,990
GAZP,0,20121008,102721,158.24000,250
GAZP,0,20121008,102721,158.24000,90
GAZP,0,20121008,102721,158.25000,30
GAZP,0,20121008,102721,158.25000,280
GAZP,0,20121008,102721,158.25000,310
GAZP,0,20121008,102721,158.25000,300
GAZP,0,20121008,102724,158.26000,10
GAZP,0,20121008,102735,158.28000,10
GAZP,0,20121008,102735,158.28000,150
GAZP,0,20121008,102735,158.28000,2160
GAZP,0,20121008,102735,158.29000,1000
GAZP,0,20121008,102735,158.29000,250
GAZP,0,20121008,102735,158.29000,1430
GAZP,0,20121008,102741,158.29000,500
GAZP,0,20121008,102741,158.29000,2000
GAZP,0,20121008,102745,158.26000,80
GAZP,0,20121008,102745,158.26000,700
GAZP,0,20121008,102745,158.25000,1220
GAZP,0,20121008,102745,158.25000,2000
GAZP,0,20121008,102747,158.26000,110
GAZP,0,20121008,102747,158.25000,1890
GAZP,0,20121008,102747,158.25000,2000
GAZP,0,20121008,102757,158.29000,3360
GAZP,0,20121008,102757,158.29000,250
GAZP,0,20121008,102757,158.29000,390
GAZP,0,20121008,102801,158.26000,20
GAZP,0,20121008,102801,158.25000,130
GAZP,0,20121008,102801,158.25000,250
GAZP,0,20121008,102806,158.25000,50
GAZP,0,20121008,102818,158.25000,170
GAZP,0,20121008,102835,158.21000,200
GAZP,0,20121008,102837,158.24000,10
GAZP,0,20121008,102849,158.24000,1100
GAZP,0,20121008,102850,158.24000,100
GAZP,0,20121008,102851,158.24000,1790
GAZP,0,20121008,102851,158.25000,1500
GAZP,0,20121008,102854,158.25000,90
GAZP,0,20121008,102901,158.25000,250
GAZP,0,20121008,102911,158.26000,30
GAZP,0,20121008,102911,158.25000,570
GAZP,0,20121008,102913,158.25000,1120
GAZP,0,20121008,102918,158.26000,50
GAZP,0,20121008,102923,158.25000,600
GAZP,0,20121008,102923,158.25000,10
GAZP,0,20121008,102923,158.25000,750
GAZP,0,20121008,102923,158.25000,300
GAZP,0,20121008,102925,158.25000,100
GAZP,0,20121008,102926,158.25000,1180
GAZP,0,20121008,102930,158.21000,400
GAZP,0,20121008,102931,158.21000,600
GAZP,0,20121008,102931,158.22000,30
GAZP,0,20121008,102931,158.22000,400
GAZP,0,20121008,102931,158.24000,1120
GAZP,0,20121008,102931,158.26000,1260
GAZP,0,20121008,102931,158.26000,2000
GAZP,0,20121008,102931,158.27000,400
GAZP,0,20121008,102931,158.28000,2000
GAZP,0,20121008,102931,158.28000,18000
GAZP,0,20121008,102931,158.28000,1000
GAZP,0,20121008,102931,158.28000,5360
GAZP,0,20121008,102931,158.24000,170
GAZP,0,20121008,102932,158.21000,10
GAZP,0,20121008,102932,158.21000,10
GAZP,0,20121008,102932,158.20000,1000
GAZP,0,20121008,102932,158.20000,30
GAZP,0,20121008,102932,158.20000,130
GAZP,0,20121008,102932,158.19000,400
GAZP,0,20121008,102946,158.20000,100
GAZP,0,20121008,102949,158.19000,600
GAZP,0,20121008,102959,158.17000,200
GAZP,0,20121008,103001,158.17000,250
GAZP,0,20121008,103001,158.17000,400
GAZP,0,20121008,103001,158.17000,150
GAZP,0,20121008,103001,158.17000,300
GAZP,0,20121008,103001,158.16000,10
GAZP,0,20121008,103002,158.16000,990
GAZP,0,20121008,103002,158.15000,9010
GAZP,0,20121008,103002,158.15000,300
GAZP,0,20121008,103002,158.15000,400
GAZP,0,20121008,103002,158.15000,180
GAZP,0,20121008,103002,158.15000,110
GAZP,0,20121008,103003,158.12000,2110
GAZP,0,20121008,103004,158.12000,970
GAZP,0,20121008,103004,158.12000,300
GAZP,0,20121008,103004,158.12000,160
GAZP,0,20121008,103004,158.12000,840
GAZP,0,20121008,103004,158.11000,250
GAZP,0,20121008,103004,158.11000,400
GAZP,0,20121008,103004,158.10000,620
GAZP,0,20121008,103005,158.10000,200
GAZP,0,20121008,103005,158.10000,90
GAZP,0,20121008,103005,158.10000,70
GAZP,0,20121008,103005,158.10000,30
GAZP,0,20121008,103005,158.10000,400
GAZP,0,20121008,103005,158.10000,10
GAZP,0,20121008,103005,158.10000,60
GAZP,0,20121008,103005,158.10000,30
GAZP,0,20121008,103005,158.10000,10
GAZP,0,20121008,103005,158.10000,990
GAZP,0,20121008,103005,158.07000,280
GAZP,0,20121008,103006,158.07000,350
GAZP,0,20121008,103006,158.07000,1770
GAZP,0,20121008,103006,158.07000,4550
GAZP,0,20121008,103006,158.07000,850
GAZP,0,20121008,103006,158.07000,1910
GAZP,0,20121008,103006,158.07000,420
GAZP,0,20121008,103006,158.07000,660
GAZP,0,20121008,103006,158.07000,430
GAZP,0,20121008,103006,158.07000,420
GAZP,0,20121008,103006,158.07000,420
GAZP,0,20121008,103006,158.07000,410
GAZP,0,20121008,103006,158.07000,2530
GAZP,0,20121008,103006,158.07000,420
GAZP,0,20121008,103006,158.07000,1580
GAZP,0,20121008,103006,158.06000,1640
GAZP,0,20121008,103006,158.07000,2000
GAZP,0,20121008,103006,158.06000,120
GAZP,0,20121008,103006,158.07000,420
GAZP,0,20121008,103006,158.06000,430
GAZP,0,20121008,103006,158.06000,910
GAZP,0,20121008,103006,158.06000,420
GAZP,0,20121008,103006,158.06000,850
GAZP,0,20121008,103006,158.06000,900
GAZP,0,20121008,103006,158.06000,2990
GAZP,0,20121008,103006,158.06000,420
GAZP,0,20121008,103006,158.06000,740
GAZP,0,20121008,103006,158.06000,420
GAZP,0,20121008,103007,158.06000,420
GAZP,0,20121008,103007,158.06000,430
GAZP,0,20121008,103007,158.06000,420
GAZP,0,20121008,103007,158.06000,430
GAZP,0,20121008,103007,158.06000,510
GAZP,0,20121008,103007,158.06000,1300
GAZP,0,20121008,103007,158.06000,420
GAZP,0,20121008,103007,158.06000,430
GAZP,0,20121008,103007,158.06000,430
GAZP,0,20121008,103007,158.06000,430
GAZP,0,20121008,103007,158.06000,3050
GAZP,0,20121008,103007,158.06000,430
GAZP,0,20121008,103007,158.06000,1090
GAZP,0,20121008,103007,158.06000,370
GAZP,0,20121008,103007,158.05000,490
GAZP,0,20121008,103007,158.05000,430
GAZP,0,20121008,103007,158.05000,430
GAZP,0,20121008,103007,158.05000,430
GAZP,0,20121008,103007,158.05000,430
GAZP,0,20121008,103007,158.05000,850
GAZP,0,20121008,103007,158.05000,750
GAZP,0,20121008,103007,158.05000,420
GAZP,0,20121008,103012,158.07000,10
GAZP,0,20121008,103012,158.06000,300
GAZP,0,20121008,103012,158.05000,90
GAZP,0,20121008,103013,158.05000,320
GAZP,0,20121008,103013,158.05000,70
GAZP,0,20121008,103013,158.05000,1000
GAZP,0,20121008,103013,158.05000,730
GAZP,0,20121008,103014,158.05000,1070
GAZP,0,20121008,103014,158.05000,650
GAZP,0,20121008,103014,158.08000,80
GAZP,0,20121008,103014,158.08000,100
GAZP,0,20121008,103022,158.06000,10
GAZP,0,20121008,103022,158.06000,290
GAZP,0,20121008,103022,158.06000,220
GAZP,0,20121008,103023,158.07000,3510
GAZP,0,20121008,103026,158.07000,100
GAZP,0,20121008,103032,158.07000,800
GAZP,0,20121008,103033,158.08000,100
GAZP,0,20121008,103033,158.07000,760
GAZP,0,20121008,103033,158.07000,10
GAZP,0,20121008,103048,158.08000,30
GAZP,0,20121008,103050,158.08000,170
GAZP,0,20121008,103050,158.08000,210
GAZP,0,20121008,103057,158.11000,450
GAZP,0,20121008,103058,158.11000,300
GAZP,0,20121008,103058,158.11000,100
GAZP,0,20121008,103058,158.14000,200
GAZP,0,20121008,103059,158.09000,810
GAZP,0,20121008,103100,158.14000,1600
GAZP,0,20121008,103100,158.14000,100
GAZP,0,20121008,103100,158.14000,10
GAZP,0,20121008,103100,158.15000,210
GAZP,0,20121008,103100,158.15000,600
GAZP,0,20121008,103101,158.09000,250
GAZP,0,20121008,103102,158.15000,300
GAZP,0,20121008,103102,158.15000,150
GAZP,0,20121008,103102,158.15000,150
GAZP,0,20121008,103106,158.10000,10
GAZP,0,20121008,103112,158.15000,1000
GAZP,0,20121008,103119,158.11000,100
GAZP,0,20121008,103132,158.11000,1230
GAZP,0,20121008,103132,158.10000,2970
GAZP,0,20121008,103140,158.14000,600
GAZP,0,20121008,103141,158.11000,10
GAZP,0,20121008,103141,158.14000,600
GAZP,0,20121008,103141,158.14000,300
GAZP,0,20121008,103141,158.14000,150
GAZP,0,20121008,103142,158.14000,150
GAZP,0,20121008,103142,158.15000,150
GAZP,0,20121008,103142,158.15000,750
GAZP,0,20121008,103142,158.15000,600
GAZP,0,20121008,103142,158.15000,300
GAZP,0,20121008,103143,158.14000,10
GAZP,0,20121008,103143,158.11000,270
GAZP,0,20121008,103143,158.11000,1020
GAZP,0,20121008,103147,158.15000,100
GAZP,0,20121008,103200,158.12000,250
GAZP,0,20121008,103201,158.12000,30
GAZP,0,20121008,103201,158.12000,590
GAZP,0,20121008,103204,158.15000,600
GAZP,0,20121008,103204,158.13000,700
GAZP,0,20121008,103204,158.12000,3530
GAZP,0,20121008,103204,158.15000,750
GAZP,0,20121008,103204,158.15000,300
GAZP,0,20121008,103209,158.15000,50
GAZP,0,20121008,103220,158.15000,10
GAZP,0,20121008,103224,158.15000,10680
GAZP,0,20121008,103236,158.15000,10
GAZP,0,20121008,103239,158.15000,150
GAZP,0,20121008,103250,158.13000,500
GAZP,0,20121008,103301,158.13000,250
GAZP,0,20121008,103302,158.15000,1750
GAZP,0,20121008,103302,158.15000,10
GAZP,0,20121008,103305,158.15000,30
GAZP,0,20121008,103305,158.15000,10
GAZP,0,20121008,103305,158.15000,40
GAZP,0,20121008,103305,158.15000,10
GAZP,0,20121008,103305,158.15000,160
GAZP,0,20121008,103306,158.15000,50
GAZP,0,20121008,103306,158.15000,110
GAZP,0,20121008,103306,158.15000,130
GAZP,0,20121008,103306,158.15000,30
GAZP,0,20121008,103306,158.15000,30
GAZP,0,20121008,103316,158.16000,10
GAZP,0,20121008,103316,158.16000,1500
GAZP,0,20121008,103316,158.16000,620
GAZP,0,20121008,103316,158.16000,1230
GAZP,0,20121008,103316,158.17000,490
GAZP,0,20121008,103316,158.17000,14360
GAZP,0,20121008,103316,158.17000,17950
GAZP,0,20121008,103316,158.17000,17180
GAZP,0,20121008,103316,158.17000,60
GAZP,0,20121008,103316,158.17000,10
GAZP,0,20121008,103316,158.17000,160
GAZP,0,20121008,103316,158.17000,1500
GAZP,0,20121008,103316,158.17000,400
GAZP,0,20121008,103316,158.18000,10000
GAZP,0,20121008,103316,158.18000,50
GAZP,0,20121008,103316,158.18000,2000
GAZP,0,20121008,103316,158.20000,1000
GAZP,0,20121008,103316,158.20000,80
GAZP,0,20121008,103316,158.20000,210
GAZP,0,20121008,103316,158.20000,200
GAZP,0,20121008,103316,158.20000,30
GAZP,0,20121008,103316,158.20000,500
GAZP,0,20121008,103316,158.20000,300
GAZP,0,20121008,103316,158.20000,2000
GAZP,0,20121008,103316,158.20000,600
GAZP,0,20121008,103316,158.20000,2000
GAZP,0,20121008,103316,158.20000,560
GAZP,0,20121008,103316,158.17000,2000
GAZP,0,20121008,103316,158.16000,400
GAZP,0,20121008,103340,158.18000,100
GAZP,0,20121008,103341,158.19000,500
GAZP,0,20121008,103343,158.18000,100
GAZP,0,20121008,103401,158.14000,250
GAZP,0,20121008,103413,158.15000,40
GAZP,0,20121008,103413,158.13000,250
GAZP,0,20121008,103413,158.13000,10
GAZP,0,20121008,103413,158.13000,100
GAZP,0,20121008,103421,158.13000,20
GAZP,0,20121008,103427,158.13000,280
GAZP,0,20121008,103427,158.13000,300
GAZP,0,20121008,103427,158.14000,1400
GAZP,0,20121008,103427,158.14000,650
GAZP,0,20121008,103442,158.15000,100
GAZP,0,20121008,103442,158.17000,10
GAZP,0,20121008,103442,158.17000,290
GAZP,0,20121008,103442,158.18000,280
GAZP,0,20121008,103442,158.19000,30
GAZP,0,20121008,103442,158.19000,600
GAZP,0,20121008,103443,158.19000,310
GAZP,0,20121008,103443,158.19000,100
GAZP,0,20121008,103443,158.19000,190
GAZP,0,20121008,103443,158.19000,10
GAZP,0,20121008,103443,158.19000,500
GAZP,0,20121008,103443,158.21000,100
GAZP,0,20121008,103443,158.21000,280
GAZP,0,20121008,103443,158.27000,110
GAZP,0,20121008,103443,158.27000,210
GAZP,0,20121008,103443,158.27000,50
GAZP,0,20121008,103450,158.20000,80
GAZP,0,20121008,103501,158.19000,250
GAZP,0,20121008,103516,158.23000,280
GAZP,0,20121008,103516,158.23000,1610
GAZP,0,20121008,103517,158.24000,10
GAZP,0,20121008,103517,158.25000,20
GAZP,0,20121008,103528,158.25000,60
GAZP,0,20121008,103541,158.20000,50
GAZP,0,20121008,103541,158.20000,150
GAZP,0,20121008,103549,158.25000,90
GAZP,0,20121008,103549,158.25000,100
GAZP,0,20121008,103549,158.25000,200
GAZP,0,20121008,103549,158.25000,10
GAZP,0,20121008,103552,158.20000,1200
GAZP,0,20121008,103553,158.18000,1000
GAZP,0,20121008,103553,158.18000,1500
GAZP,0,20121008,103553,158.15000,100
GAZP,0,20121008,103553,158.15000,250
GAZP,0,20121008,103553,158.15000,600
GAZP,0,20121008,103553,158.15000,5890
GAZP,0,20121008,103553,158.15000,1300
GAZP,0,20121008,103555,158.13000,930
GAZP,0,20121008,103601,158.13000,70
GAZP,0,20121008,103601,158.13000,180
GAZP,0,20121008,103609,158.12000,10
GAZP,0,20121008,103609,158.12000,50
GAZP,0,20121008,103609,158.12000,40
GAZP,0,20121008,103612,158.11000,500
GAZP,0,20121008,103612,158.11000,310
GAZP,0,20121008,103619,158.10000,10
GAZP,0,20121008,103619,158.10000,190
GAZP,0,20121008,103644,158.15000,100
GAZP,0,20121008,103644,158.15000,280
GAZP,0,20121008,103644,158.15000,170
GAZP,0,20121008,103652,158.17000,280
GAZP,0,20121008,103652,158.15000,400
GAZP,0,20121008,103652,158.14000,70
GAZP,0,20121008,103701,158.14000,10
GAZP,0,20121008,103701,158.14000,240
GAZP,0,20121008,103713,158.17000,240
GAZP,0,20121008,103722,158.11000,1200
GAZP,0,20121008,103722,158.11000,3800
GAZP,0,20121008,103741,158.20000,40
GAZP,0,20121008,103742,158.17000,80
GAZP,0,20121008,103743,158.20000,1350
GAZP,0,20121008,103749,158.17000,200
GAZP,0,20121008,103751,158.19000,10
GAZP,0,20121008,103753,158.19000,10
GAZP,0,20121008,103753,158.19000,10
GAZP,0,20121008,103759,158.19000,50
GAZP,0,20121008,103800,158.20000,10
GAZP,0,20121008,103801,158.17000,20
GAZP,0,20121008,103801,158.17000,230
GAZP,0,20121008,103813,158.17000,270
GAZP,0,20121008,103813,158.17000,180
GAZP,0,20121008,103813,158.17000,100
GAZP,0,20121008,103813,158.16000,140
GAZP,0,20121008,103817,158.20000,300
GAZP,0,20121008,103818,158.20000,400
GAZP,0,20121008,103818,158.20000,10
GAZP,0,20121008,103818,158.20000,100
GAZP,0,20121008,103819,158.20000,1400
GAZP,0,20121008,103827,158.20000,760
GAZP,0,20121008,103827,158.20000,2400
GAZP,0,20121008,103827,158.20000,710
GAZP,0,20121008,103827,158.20000,200
GAZP,0,20121008,103848,158.21000,10
GAZP,0,20121008,103901,158.21000,250
GAZP,0,20121008,103913,158.21000,240
GAZP,0,20121008,103915,158.23000,10
GAZP,0,20121008,103917,158.24000,30
GAZP,0,20121008,103919,158.24000,30
GAZP,0,20121008,103926,158.24000,40
GAZP,0,20121008,103926,158.24000,100
GAZP,0,20121008,103927,158.24000,300
GAZP,0,20121008,103927,158.24000,100
GAZP,0,20121008,103927,158.24000,300
GAZP,0,20121008,103948,158.25000,30
GAZP,0,20121008,103948,158.25000,340
GAZP,0,20121008,103949,158.25000,60
GAZP,0,20121008,103949,158.26000,10
GAZP,0,20121008,103949,158.24000,160
GAZP,0,20121008,103949,158.24000,20
GAZP,0,20121008,104000,158.21000,250
GAZP,0,20121008,104001,158.21000,250
GAZP,0,20121008,104001,158.21000,100
GAZP,0,20121008,104001,158.20000,50
GAZP,0,20121008,104001,158.20000,400
GAZP,0,20121008,104001,158.20000,400
GAZP,0,20121008,104002,158.20000,400
GAZP,0,20121008,104002,158.20000,400
GAZP,0,20121008,104002,158.20000,400
GAZP,0,20121008,104002,158.20000,100
GAZP,0,20121008,104003,158.20000,400
GAZP,0,20121008,104003,158.20000,400
GAZP,0,20121008,104004,158.20000,400
GAZP,0,20121008,104004,158.20000,400
GAZP,0,20121008,104004,158.20000,200
GAZP,0,20121008,104013,158.20000,240
GAZP,0,20121008,104014,158.23000,10
GAZP,0,20121008,104017,158.23000,10
GAZP,0,20121008,104035,158.23000,10
GAZP,0,20121008,104037,158.20000,20
GAZP,0,20121008,104053,158.20000,400
GAZP,0,20121008,104057,158.23000,90
GAZP,0,20121008,104057,158.23000,200
GAZP,0,20121008,104057,158.24000,300
GAZP,0,20121008,104057,158.24000,9000
GAZP,0,20121008,104057,158.25000,280
GAZP,0,20121008,104057,158.26000,130
GAZP,0,20121008,104101,158.20000,250
GAZP,0,20121008,104101,158.20000,300
GAZP,0,20121008,104110,158.20000,400
GAZP,0,20121008,104110,158.20000,400
GAZP,0,20121008,104111,158.20000,200
GAZP,0,20121008,104112,158.25000,10
GAZP,0,20121008,104113,158.20000,240
GAZP,0,20121008,104114,158.20000,100
GAZP,0,20121008,104115,158.20000,4000
GAZP,0,20121008,104115,158.20000,400
GAZP,0,20121008,104115,158.20000,200
GAZP,0,20121008,104116,158.20000,200
GAZP,0,20121008,104116,158.20000,400
GAZP,0,20121008,104116,158.20000,20
GAZP,0,20121008,104119,158.20000,1000
GAZP,0,20121008,104120,158.20000,400
GAZP,0,20121008,104120,158.20000,200
GAZP,0,20121008,104123,158.25000,10
GAZP,0,20121008,104137,158.21000,10
GAZP,0,20121008,104138,158.20000,400
GAZP,0,20121008,104144,158.25000,10
GAZP,0,20121008,104155,158.20000,400
GAZP,0,20121008,104156,158.25000,10
GAZP,0,20121008,104200,158.20000,400
GAZP,0,20121008,104201,158.20000,400
GAZP,0,20121008,104201,158.20000,300
GAZP,0,20121008,104201,158.20000,400
GAZP,0,20121008,104201,158.20000,300
GAZP,0,20121008,104201,158.20000,200
GAZP,0,20121008,104201,158.20000,100
GAZP,0,20121008,104202,158.20000,250
GAZP,0,20121008,104203,158.20000,400
GAZP,0,20121008,104207,158.25000,10
GAZP,0,20121008,104213,158.25000,100
GAZP,0,20121008,104213,158.20000,240
GAZP,0,20121008,104215,158.20000,400
GAZP,0,20121008,104234,158.25000,130
GAZP,0,20121008,104234,158.25000,120
GAZP,0,20121008,104239,158.21000,20
GAZP,0,20121008,104239,158.21000,30
GAZP,0,20121008,104239,158.21000,50
GAZP,0,20121008,104245,158.21000,300
GAZP,0,20121008,104256,158.24000,100
GAZP,0,20121008,104256,158.24000,20
GAZP,0,20121008,104256,158.25000,20
GAZP,0,20121008,104259,158.21000,400
GAZP,0,20121008,104300,158.21000,100
GAZP,0,20121008,104300,158.21000,300
GAZP,0,20121008,104300,158.21000,250
GAZP,0,20121008,104301,158.21000,400
GAZP,0,20121008,104301,158.21000,300
GAZP,0,20121008,104302,158.21000,400
GAZP,0,20121008,104302,158.20000,400
GAZP,0,20121008,104302,158.20000,400
GAZP,0,20121008,104303,158.20000,400
GAZP,0,20121008,104303,158.20000,300
GAZP,0,20121008,104306,158.20000,400
GAZP,0,20121008,104313,158.21000,100
GAZP,0,20121008,104313,158.21000,100
GAZP,0,20121008,104313,158.21000,40
GAZP,0,20121008,104315,158.21000,400
GAZP,0,20121008,104315,158.21000,200
GAZP,0,20121008,104316,158.21000,200
GAZP,0,20121008,104316,158.21000,400
GAZP,0,20121008,104330,158.23000,20
GAZP,0,20121008,104333,158.23000,80
GAZP,0,20121008,104333,158.23000,60
GAZP,0,20121008,104333,158.24000,200
GAZP,0,20121008,104333,158.24000,1500
GAZP,0,20121008,104333,158.24000,300
GAZP,0,20121008,104333,158.25000,290
GAZP,0,20121008,104333,158.25000,280
GAZP,0,20121008,104333,158.26000,860
GAZP,0,20121008,104333,158.26000,280
GAZP,0,20121008,104333,158.26000,200
GAZP,0,20121008,104333,158.27000,160
GAZP,0,20121008,104333,158.27000,280
GAZP,0,20121008,104333,158.27000,1550
GAZP,0,20121008,104333,158.21000,100
GAZP,0,20121008,104336,158.27000,10
GAZP,0,20121008,104351,158.24000,280
GAZP,0,20121008,104351,158.24000,120
GAZP,0,20121008,104351,158.23000,30
GAZP,0,20121008,104351,158.23000,370
GAZP,0,20121008,104355,158.27000,10
GAZP,0,20121008,104356,158.25000,10
GAZP,0,20121008,104356,158.25000,1490
GAZP,0,20121008,104356,158.23000,30
GAZP,0,20121008,104356,158.23000,170
GAZP,0,20121008,104356,158.23000,200
GAZP,0,20121008,104356,158.23000,400
GAZP,0,20121008,104357,158.23000,280
GAZP,0,20121008,104357,158.22000,280
GAZP,0,20121008,104357,158.22000,120
GAZP,0,20121008,104357,158.22000,10
GAZP,0,20121008,104401,158.21000,400
GAZP,0,20121008,104401,158.21000,160
GAZP,0,20121008,104401,158.21000,90
GAZP,0,20121008,104401,158.21000,400
GAZP,0,20121008,104401,158.21000,400
GAZP,0,20121008,104401,158.21000,400
GAZP,0,20121008,104401,158.21000,610
GAZP,0,20121008,104401,158.21000,320
GAZP,0,20121008,104401,158.20000,400
GAZP,0,20121008,104401,158.20000,400
GAZP,0,20121008,104402,158.20000,290
GAZP,0,20121008,104402,158.20000,320
GAZP,0,20121008,104402,158.20000,110
GAZP,0,20121008,104402,158.20000,50
GAZP,0,20121008,104402,158.20000,20
GAZP,0,20121008,104402,158.20000,220
GAZP,0,20121008,104402,158.20000,400
GAZP,0,20121008,104402,158.20000,70
GAZP,0,20121008,104402,158.20000,130
GAZP,0,20121008,104403,158.20000,200
GAZP,0,20121008,104403,158.20000,100
GAZP,0,20121008,104403,158.20000,400
GAZP,0,20121008,104403,158.20000,400
GAZP,0,20121008,104404,158.20000,400
GAZP,0,20121008,104404,158.20000,400
GAZP,0,20121008,104404,158.20000,400
GAZP,0,20121008,104405,158.20000,200
GAZP,0,20121008,104405,158.20000,100
GAZP,0,20121008,104405,158.20000,300
GAZP,0,20121008,104405,158.20000,400
GAZP,0,20121008,104406,158.20000,300
GAZP,0,20121008,104406,158.20000,100
GAZP,0,20121008,104407,158.20000,300
GAZP,0,20121008,104407,158.20000,200
GAZP,0,20121008,104408,158.20000,300
GAZP,0,20121008,104408,158.20000,370
GAZP,0,20121008,104408,158.20000,30
GAZP,0,20121008,104408,158.20000,400
GAZP,0,20121008,104409,158.20000,10
GAZP,0,20121008,104411,158.20000,300
GAZP,0,20121008,104413,158.20000,240
GAZP,0,20121008,104423,158.20000,20
GAZP,0,20121008,104423,158.20000,80
GAZP,0,20121008,104423,158.21000,30
GAZP,0,20121008,104436,158.20000,10
GAZP,0,20121008,104436,158.20000,400
GAZP,0,20121008,104436,158.20000,200
GAZP,0,20121008,104437,158.20000,10
GAZP,0,20121008,104437,158.20000,10
GAZP,0,20121008,104437,158.20000,200
GAZP,0,20121008,104437,158.20000,200
GAZP,0,20121008,104438,158.21000,40
GAZP,0,20121008,104439,158.20000,90
GAZP,0,20121008,104439,158.20000,310
GAZP,0,20121008,104439,158.20000,300
GAZP,0,20121008,104439,158.20000,400
GAZP,0,20121008,104446,158.21000,1000
GAZP,0,20121008,104455,158.21000,150
GAZP,0,20121008,104455,158.21000,50
GAZP,0,20121008,104501,158.20000,110
GAZP,0,20121008,104501,158.20000,20
GAZP,0,20121008,104501,158.20000,150
GAZP,0,20121008,104501,158.19000,20
GAZP,0,20121008,104501,158.19000,250
GAZP,0,20121008,104506,158.20000,280
GAZP,0,20121008,104506,158.19000,100
GAZP,0,20121008,104506,158.19000,20
GAZP,0,20121008,104506,158.18000,280
GAZP,0,20121008,104506,158.18000,120
GAZP,0,20121008,104509,158.21000,600
GAZP,0,20121008,104509,158.21000,400
GAZP,0,20121008,104513,158.21000,240
GAZP,0,20121008,104514,158.21000,400
GAZP,0,20121008,104525,158.23000,30
GAZP,0,20121008,104525,158.23000,90
GAZP,0,20121008,104525,158.23000,100
GAZP,0,20121008,104525,158.23000,100
GAZP,0,20121008,104525,158.23000,400
GAZP,0,20121008,104525,158.23000,400
GAZP,0,20121008,104525,158.23000,400
GAZP,0,20121008,104526,158.23000,300
GAZP,0,20121008,104526,158.23000,100
GAZP,0,20121008,104526,158.24000,70
GAZP,0,20121008,104528,158.23000,300
